2211 3575
415 269 495 300 ararad.
507 240 530 309 ³5,
547 260 602 300 3-10.
788 271 789 274 ’
826 231 828 235 -
911 267 955 307 '247

65 361 91 400 34
101 371 137 412 qu.
152 359 162 399 l
176 362 213 400 art.
227 361 240 400 la
255 360 351 405 ordinem
366 361 523 402 beatitudinum
534 361 635 402 describit
650 354 768 403 secundum
780 362 839 414 quod
850 362 874 402 ab
890 363 953 402 erte-

66 426 159 466 rioribus
171 426 237 466 homo
248 426 312 478 magis
325 426 353 466 ad
366 427 469 467 interiora
478 426 614 479 progreditur
625 439 629 467 ι
642 442 651 463 «
663 419 757 469 'maxime
768 428 888 469 extrinseca
900 430 952 468 sunt

66 492 122 532 bona
135 492 261 544 temporalia
275 491 389 539 ertertorm
405 493 456 543 post
470 491 510 530 hoc
524 494 597 531 autem
612 492 723 544 passiones
738 493 835 542 innatam
850 493 952 546 posthoc

66 558 200 609 operationes
211 556 309 614 propriae
319 556 446 606 exteriorem
459 557 507 609 post
516 556 558 596 hoc
569 557 690 609 compassio
701 557 799 606 interi0r3
808 561 856 610 post
866 559 904 599 hoc
915 571 952 611 ap-

66 622 190 674 prehensio,
199 625 251 674 post
260 623 299 662 hoc
309 622 427 671 ordinatio;
438 621 508 673 passio
519 633 569 662 vero
580 622 637 662 illata
646 622 733 675 ponitur
744 623 820 663 ultima
829 623 887 675 quasi
898 623 951 663 alio-

66 698 115 728 rum
124 680 282 729 manilestativa
293 687 310 728 »ζ
320 688 374 728 Vide
385 699 471 740 quoque
482 688 539 728 Sum.
549 689 593 735 13.
605 699 638 738 qu,
646 689 673 728 69
684 690 723 728 art.
733 689 752 728 3.
762 712 788 717 -
797 690 854 728 Haec
864 689 950 740 aliaque

66 754 181 806 excogitari
193 756 282 806 pessunt
293 756 313 793 ct
322 754 417 805 profecto
428 753 476 793 istis
489 753 659 793 beatitudinibus
672 764 747 794 omnes
758 755 895 794 continentur
904 755 951 811 vir-

65 820 122 860 tutes
133 831 249 871 earumque
260 830 297 872 pro
308 819 352 859 vita
361 819 475 872 applicatio
485 818 548 858 nullis
560 819 742 859 circumscribitur
751 815 865 874 limitibus.
877 820 917 860 Sed
928 820 950 860 in

48 917 49 920 ,
66 884 112 936 ipsa
126 884 266 939 explicatione
281 885 349 925 satius
363 885 402 925 erit
415 885 442 924 ob
457 884 529 925 oculos
542 884 622 925 habere
636 884 746 925 Christum
757 896 791 924 eas
806 885 913 933 statuisse,
928 887 950 925 ut

65 953 139 990 eontra
151 950 227 991 salsam
241 951 368 991 Iudaeorum
379 951 403 991 de
416 962 482 1002 regno
496 951 604 990 messiano
618 950 729 991 notionem
743 952 763 991 et
776 948 948 1003 expectationem

65 1015 160 1056 indolem
171 1016 230 1070 regni
242 1017 275 1056 sui
286 1020 305 1057 et
316 1016 368 1069 quid
378 1028 389 1056 a
398 1016 443 1056 suis
453 1016 571 1068 postularet
583 1016 703 1057 seeundum
714 1028 738 1056 ea
751 1019 879 1069 proponeret
891 1027 948 1068 quae

65 1082 107 1122 iarn
119 1082 142 1121 in
151 1082 394 1123 vaticiniis-adumbrata
404 1083 471 1121 erant.
484 1082 551 1128 Quare
562 1081 585 1120 in
599 1082 688 1133 singulis
701 1082 870 1122 beatitudinibus
883 1093 948 1134 expe-

26 1183 28 1186 .
65 1147 95 1188 dit
105 1147 212 1199 inquirere
224 1147 245 1187 in
254 1147 320 1187 varias
332 1147 459 1187 Iudaeorum
469 1147 582 1198 opiniones
593 1147 644 1186 etin
654 1146 755 1186 vaticinia
765 1148 877 1187 messiane.

90 1214 120 1253 Er
131 1213 227 1265 ternpore
238 1212 257 1253 S.
272 1212 385 1265 Augustini
395 1212 462 1269 etiam
474 1212 578 1251 sollemne
590 1213 633 1252 erat
642 1212 680 1252 has
694 1211 840 1252 beatitudines
852 1212 947 1253 conterre

65 1279 90 1319 ad
106 1278 162 1318 dona
173 1277 268 1330 *Spiritus
283 1277 360 1325 sancti;
377 1276 463 1318 videtur
475 1277 533 1324 mihi,
549 1276 614 1333 dicit„
627 1278 693 1317 etiam
707 1277 838 1330 septiformis
852 1278 947 1330 operatio

65 1343 154 1396 Spiritus
168 1343 234 1383 sancti
246 1343 279 1382 his
292 1342 393 1395 gradibus
407 1342 563 1395 sententiisque
576 1334 709 1395 congruere:
719 1333 782 1383 timor
796 1343 835 1382 Dei
849 1343 949 1394 congruit

65 1408 181 1449 humilibus
196 1407 337 1462 (pauperibus
352 1407 443 1461 spiritu),
459 1408 526 1460 pietas
540 1407 640 1455 mitibus,
655 1408 746 1448 scientia
759 1408 894 1459 lugentibus,
908 1408 947 1460 qui

64 1475 105 1514 iarn
121 1477 267 1527 cognoverunt
281 1474 302 1513 in
319 1474 434 1526 Scripturis
453 1473 529 1525 quibus
543 1469 607 1513 malis
622 1474 688 1513 vincti
703 1477 827 1525 teneantur;
844 1474 947 1515 fortitudo

53 1540 161 1591 ,congruit
176 1539 317 1580 esurientibus
334 1541 356 1579 et
367 1538 490 1580 sitientibus
505 1539 620 1591 iustitiam,
632 1538 748 1579 consilium
762 1539 945 1588 misericordibus⁷

64 1605 184 1645 intellectus
198 1605 284 1644 mundis
299 1604 373 1654 corde,
386 1603 490 1656 sapientia
503 1604 607 1655 pacificis3
622 1607 696 1644 octava
710 1606 780 1645 autern
797 1606 903 1646 sententia
918 1606 946 1646 ad

62 1665 127 1723 eaput
140 1670 195 1710 redit
208 1670 369 1722 perlectumque
385 1669 495 1710 hominem
509 1669 602 1709 declarat
614 1668 648 1723 (de
661 1681 727 1709 sermo
742 1671 765 1709 D.
779 1671 803 1709 in
815 1673 888 1710 moute
900 1672 944 1719 ab.

64 1738 96 1776 ll.
109 1737 145 1784 th,-
157 1735 257 1775 similiter
266 1735 314 1774 llud.
326 1728 393 1781 Zucd,
404 1733 489 1787 culpat.
498 1734 517 1789 S.
529 1734 619 1774 Thomas
629 1735 773 1785 praeterhanc
781 1735 944 1776 attributionem

63 1791 109 1853 qua,
122 1801 154 1841 uti
164 1795 199 1850 ait,
211 1800 292 1841 motiva
302 1800 462 1840 beatitudinum
473 1795 641 1848 considerantur,
653 1799 718 1839 aliam
727 1801 828 1852 proponit
839 1812 880 1852 qua
892 1814 944 1842 con-

63 1867 159 1907 formitas
170 1856 400 1923 materiae'attenditur
411 1877 415 1904 ι
427 1880 437 1902 «
450 1868 472 1904 et
482 1865 602 1905 secundum
615 1865 654 1905 hoo
666 1864 751 1917 primae
762 1877 836 1905 omnes
849 1867 945 1919 quinque

62 1931 205 1973 beatitudines
215 1934 308 1983 possunt
320 1931 407 1971 attribui
418 1931 520 1971 scientiae
534 1933 555 1970 et
566 1930 654 1971 consilio
667 1933 778 1982 tamquam
791 1931 943 1984 dirigentibus,
1014 1983 1020 1989 ἢ

15 1988 16 1991 “
63 1990 99 2038 sed
113 1998 169 2038 inter
184 1997 239 2038 dona
254 1996 394 2048 exsequentia
402 1996 572 2044 distribuuntur,
587 1996 617 2035 ita
631 1996 674 2036 scil.
685 1996 750 2047 'quod
765 1996 847 2037 esuries
862 2001 882 2038 et
896 1999 943 2039 sitis
960 2042 962 2045 Α

62 2063 156 2104 iustitiae
171 2066 191 2102 et
203 2062 270 2102 etiarn
284 2062 430 2102 misericordia
444 2061 549 2114 pertineat
563 2061 591 2101 ad
605 2062 715 2113 pietatem,
732 2062 812 2103 militas
828 2066 898 2110 autem
915 2066 942 2105 ad

61 2128 220 2178 tortitudinem·⁷
234 2130 349 2180 paupertas
362 2139 411 2168 uero
424 2130 445 2167 et
457 2127 527 2168 luctus
541 2127 651 2179 pertinent
661 2127 688 2167 ad
702 2127 779 2167 denum
795 2128 886 2177 timoris,
899 2142 943 2183 quo

61 2196 124 2235 homo
138 2205 161 2234 se
176 2192 288 2234 retrahite
304 2192 456 2245 cupiditatibus
473 2194 494 2232 et
510 2192 685 2233 delectationibus
704 2193 777 2233 mundi
794 2209 804 2230 r>
822 2193 890 2246 (Sum.
906 2197 941 2245 bh

61 2273 95 2312 qu.
108 2261 135 2299 aa
147 2262 185 2299 art.
196 2260 225 2311 3).
433 2308 435 2312 ι

54 2358 56 2362 ,
86 2324 185 2372 Quaestio
197 2324 264 2364 etiam
277 2326 335 2364 mota
346 2326 379 2364 est
390 2326 440 2375 quot
449 2322 592 2363 beatitudines
599 2323 713 2363 ‘numerari
726 2323 836 2365 deberent.
852 2325 938 2378 Septem

61 2403 106 2432 esse
116 2389 259 2430 numerandas
270 2388 402 2429 contendunt
415 2389 510 2428 Testatus
521 2388 550 2442 (in
561 2389 634 2428 blatth.
643 2390 655 2428 3
665 2400 701 2441 qu.
714 2388 746 2441 Sd)
758 2392 778 2429 et
788 2390 857 2441 aliqui
868 2403 939 2434 reeen-

60 2457 122 2498 tiores
129 2454 239 2509 (Koestlin,
247 2444 329 2506 Euolat,
337 2452 461 2507 Hilgenfeld
467 2454 556 2506 aliique3
566 2454 592 2499 ci.
601 2452 697 2507 Sedena).
705 2455 765 2494 Ratio
772 2467 838 2507 quam
846 2455 900 2498 Turi.
908 2459 940 2498 ai-

60 2523 99 2562 lert
112 2524 145 2561 est
159 2521 207 2573 quia
220 2523 295 2560 octaua
308 2532 363 2572 quae
378 2520 454 2561 dicitur
467 2531 511 2560 non
524 2520 551 2576 sit
567 2520 667 2561 distincta
679 2533 692 2560 a
702 2521 888 2572 praecedentibus,
902 2526 940 2565 sed

58 2587 126 2639 magis
134 2587 163 2626 sit
170 2586 275 2637 quaedam
285 2586 417 2626 confirmatio
426 2586 611 2638 praecedentium,
621 2587 651 2626 uti
661 2586 682 2626 S.
694 2586 826 2638 Augustinus
834 2588 939 2640 loquatur,

61 2667 70 2689 u
82 2655 101 2692 et
108 2654 195 2704 apparet
204 2651 245 2691 hoe
253 2650 303 2702 quia
310 2651 331 2690 in
341 2652 416 2691 ceteris
427 2650 600 2691 beatitudinibus
609 2654 718 2703 ponuntur
727 2652 826 2692 distincta
836 2655 938 2705 praemia,

60 2719 79 2758 in
94 2720 169 2757 octava
183 2719 259 2756 autem
269 2715 356 2767 ponitur
370 2717 466 2768 primurn
481 2716 525 2756 scil.
540 2728 630 2769 regnum
643 2718 752 2757 coelorum
767 2733 784 2756 »,
800 2719 939 2765 Recentiores

58 2794 96 2834 pro
107 2795 132 2823 eo
143 2794 231 2822 numero
243 2783 332 2834 arguunt
341 2792 367 2821 ex
379 2782 490 2822 sanctitate
500 2782 583 2821 numeri
595 2781 719 2833 septenarii;
731 2781 766 2821 alii
780 2788 890 2835 praeterea
901 2786 939 2826 ad-

59 2848 111 2888 dunt
120 2848 144 2888 in
155 2850 236 2900 septem
250 2847 297 2887 istis
307 2847 365 2887 cerni
377 2847 473 2888 ordinem
484 2848 601 2901 optimum;
612 2847 695 2901 namin
707 2860 726 2888 v.
738 2849 771 2888 3-5
785 2849 880 2892 describi
890 2833 960 2894 con-u

59 2913 163 2954 ditionem
174 2912 254 2952 civium
264 2913 322 2965 regni
333 2913 441 2962 messiani,
451 2913 475 2952 in
483 2925 503 2953 v.
514 2914 549 2952 6-9
558 2915 627 2954 totam
638 2925 712 2954 eorum
723 2915 799 2967 agendi
810 2917 939 2971 vivendique
996 2956 997 2961 ,

58 2979 163 3019 rationem
173 2979 193 3017 et
202 2981 285 3030 septem
293 2979 339 3020 istis
350 2979 414 3019 etiam
423 2991 538 3032 congruere
549 2980 669 3033 praemium
680 2980 760 3032 septies
773 2983 867 3035 speciali
876 2986 939 3026 modo

58 3044 199 3096 propositum.
211 3045 284 3094 Neque
298 3045 411 3085 defuerunt
421 3046 458 3098 qui
473 3046 528 3085 obv.
541 3047 564 3085 lt
577 3056 654 3086 novem
666 3050 771 3098 ponerent
781 3049 937 3100 beatitudines;

58 3108 87 3149 ita
100 3122 118 3149 v.
134 3122 155 3161 g.
170 3107 265 3160 loquitur
278 3107 333 3149 Ioles.
347 3124 353 3150 .·
370 3126 379 3147 r
395 3114 443 3163 post
457 3114 540 3162 septem
553 3111 701 3152 beatitudines
714 3115 835 3164 superiores
849 3117 939 3167 quaein

57 3174 140 3214 actione
151 3175 218 3226 aliqua
228 3173 355 3224 consistunt,
366 3177 408 3216 iam
421 3177 582 3228 subiunguntur
596 3177 650 3217 duae
663 3178 805 3219 beatitudines
819 3181 937 3222 consisten-

57 3240 88 3281 tes
98 3240 119 3280 in
132 3240 232 3280 laudabili
245 3239 341 3292 passione
354 3254 376 3289 »3
388 3242 453 3282 immo
464 3240 565 3283 Delltrscd
576 3245 662 3294 propter
672 3256 692 3283 v.
705 3244 767 3283 rl-lt
776 3245 851 3286 decem
861 3257 936 3285 nume»
