2211 3575
433 216 508 247 urnrrn.
525 207 544 255 3,
561 198 604 247 6-7.
805 177 808 182 ¹
921 209 959 250 t77
1005 206 1006 210 ’

75 317 119 357 seq.
128 308 191 358 atque
206 318 227 359 p.
239 308 278 347 453
294 301 384 359 quaerit,
396 321 423 349 an
436 319 492 361 quos
502 308 592 349 loannes
602 308 703 349 abluebat
716 320 791 349 eornm
806 311 892 359 peccata
905 309 958 360 bap-

75 372 139 412 tismo
156 372 202 424 ipso
218 372 260 412 sint
275 374 364 425 expiata.
384 375 505 426 Respondet
520 377 569 427 post
582 375 684 414 loannem
700 375 856 415 Damascennm
873 374 909 425 qui
925 373 955 413 sic

75 437 165 477 senserit
175 440 283 489 repertum
297 451 309 478 a
323 442 345 480 s'e
362 451 408 480 esse
419 440 509 488 nullum,
525 440 560 491 qui
576 452 644 488 secus,
660 441 785 492 permultos
798 442 860 491 atque
879 451 903 479 en
921 439 957 479 illo

74 503 163 542 alteram
176 503 231 543 hanc
245 504 372 545 sententiam
387 504 511 544 obtinuisse.
522 504 576 543 Ante
591 504 652 543 illam
665 506 757 544 aetatem
771 505 835 543 etiam
850 496 964 544 maiorem¹

75 570 157 619 partem
174 569 260 609 Patrum
275 570 312 622 qui
326 570 476 621 quaestionem
486 568 544 607 hanc
561 568 670 621 attigerint
688 580 734 608 carn
751 581 845 621 negasse,
861 573 956 609 attamen

74 633 140 673 luisse
151 634 188 685 qui
199 634 256 675 illam
271 635 402 683 affirmarim,
414 635 447 674 uti
463 635 572 690 Iuvencus,
588 633 649 674 Titus
662 634 786 681 bostrensis,
800 635 957 685 Optatustttre-

73 699 144 751 gorius
157 711 269 751 nyssenus,
280 699 390 748 Paulinus,
401 699 530 739 Prudentius
544 698 631 750 aliique.
645 700 723 739 Verum
734 700 787 739 bene
801 703 874 739 monet
888 702 913 739 ut
922 700 955 739 iu-

74 763 153 804 dicium
163 765 213 804 fieri-
220 767 283 816 queat
294 765 320 805 de
330 763 363 804 his
373 764 510 813 testimoniis,
521 764 562 804 dcc
573 776 619 804 esse
628 764 731 813 notanda,
743 774 816 813 unum,
830 766 885 816 quod
896 766 955 806 loan-

73 841 110 869 nes
127 830 190 869 etiam
208 829 338 882 baptismum
355 842 366 869 a
380 830 461 870 Christo
477 829 635 870 instituendum
653 829 792 881 praedixerit3
806 845 815 866 «
825 842 877 877 cum¹
889 830 955 886 igitur

73 896 145 935 Patres
162 898 247 935 narrant
263 896 366 935 loannem·
381 895 515 947 praedicasse
531 895 639 935 lavacrum
655 895 831 946 regenerationis,
848 889 954 935 lavacrum

73 960 170 1008 salutare,
181 961 331 1012 purgationem
341 972 379 1013 per
392 972 477 1012 aquam,
488 961 608 1012 horumque
619 961 704 1010 similia,
717 961 758 1001 nisi
769 961 792 1000 in
801 961 897 1013 ipsorum
906 973 954 1001 ver-

73 1025 107 1065 bis
116 1026 199 1077 aliquid
208 1027 236 1066 sit
244 1026 300 1079 qrrcd
310 1028 381 1067 obstet
388 1026 479 1079 putandi
490 1028 539 1066 sunt
549 1026 582 1066 his
593 1026 716 1076 nominibus
726 1039 768 1066 non
779 1038 844 1077 quern
852 1027 951 1073 loannes,

62 1090 110 1131 'sed
121 1089 185 1142 quem
200 1092 294 1132 Christus
308 1092 400 1146 institnit
414 1092 546 1143 baptismum
560 1092 697 1143 designare».
708 1092 805 1131 Alterum
817 1091 875 1143 qarod
890 1103 953 1143 opor-

73 1159 103 1213 tet
117 1157 140 1196 in
152 1157 279 1202 memoriam
293 1157 393 1203 revocari,
406 1157 513 1203 enuntiari
528 1157 597 1196 verbis
608 1156 627 1196 S.
639 1157 732 1196 Thomae
745 1168 748 1195 :
762 1158 845 1207 quando
857 1157 953 1197 Christus
981 1162 984 1166 '

73 1223 105 1261 est
115 1218 240 1272 baptizatus,
249 1223 360 1262 tuncvere
375 1221 494 1273 baptismus
507 1215 619 1262 institutus
633 1222 671 1261 fnit
681 1212 782 1272 quantum
795 1222 821 1262 ad
835 1223 906 1273 ipsum
918 1234 952 1261 sa·
967 1246 970 1252 -

55 1306 56 1309 =
70 1283 202 1327 ‘crementum
214 1285 242 1339 (p.
254 1287 265 1327 3
275 1299 310 1338 qu.
322 1288 348 1327 66
357 1289 395 1327 art.
408 1286 434 1339 ⁶2),
447 1287 581 1338 eandemque
592 1286 715 1338 opinionem
726 1286 899 1327 fuisseratribus
910 1299 953 1338 ncn
990 1309 993 1315 ν

72 1353 158 1404 paucis3
171 1364 236 1404 quare
248 1352 305 1393 credi
316 1364 378 1404 posse
389 1364 438 1392 cnm
450 1352 521 1392 dicant
530 1355 617 1403 peccata
628 1363 701 1392 eorum
713 1363 767 1404 quos
777 1353 867 1391 loannes
878 1352 953 1391 tinxis-

74 1420 106 1457 set
119 1429 164 1457 esse
179 1429 203 1457 ec
218 1418 264 1469 ipso
277 1418 368 1469 expiata
377 1419 416 1457 eos
430 1418 489 1468 loqui
504 1417 530 1457 de
541 1418 647 1469 baptismo
662 1429 725 1469 quern
735 1418 823 1457 loannes
837 1419 885 1469 post
895 1418 952 1458 Chri-

72 1486 128 1524 stum
139 1483 267 1535 baptizatum
279 1483 438 1523 administraret
448 1485 469 1521 et
483 1494 547 1533 quem
557 1483 600 1522 iam
614 1494 660 1523 esse
673 1485 830 1534 sacramentum
843 1494 854 1521 a
869 1482 952 1528 Christo
985 1504 987 1506 ·

70 1548 194 1588 institutum
205 1548 248 1587 sint
258 1548 346 1599 opinati.

99 1673 196 1731 Populus
210 1686 295 1728 magna
305 1671 418 1728 religione
432 1659 532 1716 accurrit
543 1671 572 1716 ad
585 1672 709 1730 baptistam
719 1687 739 1714 v.
756 1676 775 1715 b.
788 1674 871 1715 Verum
882 1672 950 1716 aliter

69 1759 92 1788 se
107 1743 195 1787 habent
209 1742 286 1800 ii-qui
302 1742 419 1800 singulare
435 1743 494 1799 legis
510 1742 612 1786 studium
629 1746 651 1786 et
667 1743 838 1787 observantiam
855 1743 949 1801 profite-

68 1815 153 1859 bantur
167 1815 239 1874 etqui
253 1829 280 1861 eo
294 1808 388 1857 nomine
402 1814 536 1857 auctoritate
546 1813 655 1857 valebant
668 1815 691 1857 et
705 1813 722 1856 ii
739 1813 779 1872 qui
792 1812 912 1857 nobilitate
929 1819 950 1857 et

68 1885 150 1945 opibus
161 1885 272 1945 pollentes
288 1884 375 1944 pariter
385 1885 454 1929 duces
462 1884 549 1944 'populi
566 1888 631 1928 erant
646 1898 651 1928 ε
664 1884 780 1943 pharisaei
791 1887 813 1928 et
826 1884 950 1929 sadducaei

68 1973 89 2001 v.
108 1962 128 2001 7.
147 1956 262 2000 Pharisaei
278 1956 293 1999 i.
313 1972 332 2000 e.
345 1957 453 2014 separati,
471 1970 526 2014 prae
543 1955 639 2014 reliquis
656 1951 780 1999 maximam
796 1956 854 2012 legis
872 1955 949 2000 ohser-

67 2029 167 2073 vantiam
177 2027 322 2081 affectabant,
333 2024 465 2071 ncn'solnm
475 2026 552 2090 legem
560 2027 692 2079 mosaicam,
703 2041 784 2071 verum
795 2026 865 2071 etiam
877 2028 949 2072 multa

67 2114 93 2143 ex
112 2098 234 2143 traditione
251 2101 344 2157 patrum
360 2113 406 2142 esse
423 2098 535 2142 servanda
551 2098 661 2142 dicentes.
680 2098 808 2142 Sadducaei
825 2114 838 2142 a
854 2099 948 2158 losepho

67 2169 228 2214 describuntur
237 2173 357 2227 tamquam
368 2168 457 2213 nobiles
470 2172 492 2213 et
504 2169 587 2215 divites
598 2172 621 2213 et
630 2171 765 2213 auctoritate
778 2169 848 2228 primi
860 2169 945 2229 (Antiq.

68 2246 141 2294 13,10.
160 2246 183 2294 6;
201 2244 236 2294 18,
251 2244 270 2283 t.
292 2240 326 2298 t);
345 2255 359 2283 a
371 2240 499 2298 pharisaeis
512 2240 610 2283 manime
624 2239 827 2296 distinguebantur
841 2255 867 2283 eo
885 2241 945 2299 quod

66 2313 137 2356 solum
148 2312 223 2368 legem
233 2312 342 2369 scriptam
355 2312 513 2371 agnoscerent,
524 2310 736 2369 interpretationem
746 2315 822 2354 autem
832 2311 880 2355 eius
890 2312 947 2371 plra-

65 2384 190 2427 risaeorunr
207 2385 229 2425 et
246 2381 291 2426 alia
308 2396 321 2425 a
338 2380 464 2440 pharisaeis
481 2381 510 2425 ad
524 2381 582 2440 legis
598 2381 695 2425 tutelam
712 2382 839 2438 excogitata
852 2384 945 2427 omnino

65 2454 190 2498 reticerent.
203 2456 233 2497 Ex
246 2457 293 2497 het.
307 2456 360 2508 5,17
372 2455 393 2496 et
404 2457 456 2509 23‚9
471 2452 543 2497 elucet
555 2452 689 2512 pontificem
703 2453 804 2512 aliosque
817 2454 946 2499 sacerdotes

64 2526 133 2585 fpisse
143 2524 292 2578 sadducaeos;
306 2523 375 2568 etiarn
386 2525 493 2583 Iosephus
504 2524 580 2584 Antiq.
593 2526 797 2585 20‚9.¹1Ananum
810 2525 945 2584 pontificem

65 2596 162 2640 eandem
174 2597 260 2639 sectam
275 2598 378 2639 secutum
393 2598 440 2639 esse
457 2595 518 2640 dicit.
537 2595 599 2639 Unde
610 2594 741 2640 sacerdotes
753 2595 878 2640 nobiliores
893 2597 945 2641 sad-

64 2661 161 2711 ducaeos
176 2666 243 2710 luisse
260 2670 352 2709 censent
368 2669 390 2709 et
406 2681 491 2710 nomen
506 2667 583 2726 ipsum
598 2666 700 2711 derivari
716 2683 729 2710 a
743 2666 820 2711 Sadolr
835 2667 942 2725 (Sabbata,

64 2747 113 2798 patr
121 2738 137 2786 Ἰ,
145 2739 173 2782 cl.
180 2736 299 2781 Sebitrerl.
312 2752 330 2781 c.
340 2740 358 2781 ll
365 2752 387 2796 p.
398 2738 459 2796 toa).
469 2737 662 2782 Sadrlucaei'vitae
668 2737 780 2781 rationem
787 2737 944 2796 sequebantur

64 2810 164 2862 mollem,
174 2809 203 2852 ad
213 2823 287 2852 mores
296 2808 400 2871 gentium
410 2809 582 2867 amplectendos
592 2808 646 2852 satis
657 2807 740 2867 parati.
753 2811 834 2853 Narrat
844 2824 943 2867 evange-

63 2880 113 2924 lista
124 2895 143 2924 v.
159 2884 172 2923 7
186 2880 268 2923 multos
282 2895 308 2923 ex
324 2879 449 2938 pharisaeis
460 2882 482 2922 et
496 2878 630 2923 sadducaeis
646 2879 734 2924 venisse
745 2880 774 2924 ad
788 2880 941 2939 baptisnrum3

62 2951 106 2995 scd·
124 2966 169 3010 quo
192 2950 267 3009 animo
288 2952 402 3006 venerint,
421 2953 516 2994 loannes
536 2951 669 2994 vehementi
688 2951 848 3010 increpatione
865 2952 942 3011 palam
985 2954 987 2959 '

84 3062 98 3090 1,
108 3060 150 3091 llam
159 3056 282 3090 derivationem
292 3041 359 3091 admitti
370 3067 419 3100 posse
431 3060 480 3099 negat
490 3057 512 3090 de
525 3058 617 3100 liegarde,
626 3058 699 3099 Bildnng
709 3059 739 3090 dcv·
750 3059 828 3098 spurina,
841 3049 943 3102 Gccttingen

63 3113 126 3152 18891).
137 3113 175 3150 2293
186 3109 216 3142 sed
225 3111 280 3141 tamen
293 3111 345 3144 relert
355 3111 398 3144 inter
406 3110 440 3144 alia
450 3111 467 3143 in
478 3110 535 3144 codice
545 3113 558 3143 B
570 3111 618 3144 hebr.
632 3117 680 3170 paug
690 3110 739 3144 reddi
749 3112 807 3145 σαδωγ.
818 3114 838 3144 4ο
848 3112 916 3145 vicibus
926 3114 943 3144 et

62 3171 134 3203 caecina
145 3172 163 3201 10
172 3168 242 3202 vicibus.
253 3169 295 3201 Erat
304 3169 357 3202 Sadoc
367 3170 442 3212 pontifex
452 3172 528 3212 tempore
538 3170 609 3203 Davidis
618 3174 626 3202 2
636 3173 675 3214 fleg,
687 3173 815 3210 8‚17;115‚24;3
826 3172 868 3212 ch
878 3173 920 3211 aaa
