2239 3511
151 234 190 274 436
505 244 581 273 urnrrn.
599 234 630 280 it),
645 237 664 272 l.

151 335 185 386 qui
196 333 308 386 periclitari
319 333 387 386 magis
397 333 452 385 apud
462 346 501 375 nos
511 334 613 374 iudicium
624 345 687 374 suum
698 346 761 386 quarn
772 333 870 374 affectum
880 334 964 375 maluit!
977 346 1022 375 sus-

150 401 232 450 ceperat
241 399 299 439 enim
309 398 402 455 bominis
412 399 549 451 fragilitatem
557 402 578 439 et
585 399 633 439 ideo
642 411 681 439 nec
692 399 729 440 has
739 401 810 451 partes
820 399 925 440 recusavit
935 400 1024 440 infirmi-

147 464 196 504 tatis
205 464 322 514 humanae;
334 464 401 506 voluit
410 464 486 513 deseri,
499 464 566 506 voluit
576 464 647 516 prodi,
656 465 724 506 voluit
733 465 759 506 ab
769 464 864 517 apostolo
875 477 913 506 suc
923 465 988 512 tradi,
999 467 1022 505 ut
1038 515 1039 518 Ἰ

148 532 192 569 tua
205 530 261 571 socio
276 531 383 580 desertuS,
394 543 407 571 a
420 530 477 572 socio
492 530 589 584 proditus
605 530 713 572 moderate
729 525 784 572 ieras
796 532 858 573 tuum
871 542 951 583 errasse
964 530 1021 584 indi-

148 595 211 642 cium,
224 595 305 647 perisse
315 595 443 637 beneficium
453 610 470 635 n.
483 596 564 645 Quibus
574 596 644 638 verbis
658 598 758 649 quattuor
767 594 871 638 contineri
881 606 954 639 causas
966 595 1022 637 Tele-

148 665 177 700 tus
191 661 252 700 docet
263 660 293 713 (in
305 662 355 702 Luc.
368 673 413 714 cap.
427 662 519 703 dannot.
535 661 569 716 22)
583 662 629 702 scil.
647 665 671 702 ut
686 662 811 704 ostendatur
827 661 902 703 Ghristi
916 661 1023 703 doctrinae

147 726 246 774 firmitas,
257 742 267 763 «
277 738 330 778 quae
340 729 400 767 tanta
412 729 444 767 est
454 730 477 767 nt
489 728 572 768 etiamsi
584 739 637 768 unus
649 739 674 767 err
684 728 797 768 duodecim
810 727 911 779 apostolis
922 725 1023 767 deiecerit

147 803 188 831 nen
199 795 312 843 propterea
325 792 396 833 rninus
411 785 474 845 digua
486 793 567 834 creditu
582 793 657 833 effecta
669 794 707 844 sit;
720 793 821 841 secunda,
832 795 855 834 ut
868 791 960 834 caritatis
973 801 1023 832 snae

148 857 312 909 amplitudinem
327 858 430 900 indicaret
446 870 500 909 quae
510 858 562 899 ,talis
578 870 602 898 ac
618 861 674 900 tanta
687 860 727 899 tuit
741 871 789 910 erga
800 853 911 908 'hemines
922 860 946 898 ut
959 868 1022 910 quem

147 923 228 961 malum
241 922 333 962 futurum
342 917 430 962 noverat
438 922 527 976 elegerit
536 923 558 962 in
568 923 689 975 apostolum
701 926 722 964 et
732 924 789 975 quod
799 935 823 964 en
833 935 855 972 se
867 926 911 964 erat
920 916 944 964 ut
953 922 1022 962 salvus

146 988 181 1027 ille
193 988 253 1026 lieret
264 1000 306 1028 non
320 987 510 1041 praetermitteret,
523 991 543 1028 et
553 988 628 1028 maluit
639 983 743 1032 indicium
757 1000 819 1029 suum
832 987 946 1040 periclitari
957 998 1022 1039 quam

146 1053 250 1100 allectum,
262 1053 335 1101 idest,
347 1053 412 1107 elegit
425 1054 496 1106 potins
506 1055 532 1109 ab
548 1053 671 1094 hominibus
682 1054 752 1095 stultis
764 1054 858 1107 reputari
871 1066 892 1094 se
906 1053 1021 1093 nescivisse

146 1118 219 1158 ludam
230 1118 326 1159 futurum
336 1118 427 1168 malum,
438 1131 504 1170 quani
514 1131 536 1159 se
546 1131 589 1159 non
598 1119 696 1160 dilexisse
707 1119 768 1159 illurn
779 1119 867 1170 eiusque
878 1119 966 1160 salutem
975 1128 1023 1170 pro·
1044 1139 1047 1145 ν
1098 1125 1099 1129 ’

146 1195 238 1223 curasse.
251 1183 321 1223 Tertia
328 1182 370 1231 est,
382 1186 405 1224 nt
417 1184 453 1236 qui
462 1185 609 1225 infirmitatem
620 1186 714 1225 nostram
727 1186 849 1236 susceperat
860 1196 884 1224 ea
894 1184 959 1224 etiarn
968 1194 1023 1235 quae
1057 1199 1058 1202 ¹

129 1257 130 1261 ’
146 1248 237 1287 maxime
248 1250 297 1289 sunt
305 1248 435 1289 infirmitatis
445 1261 488 1289 non
498 1251 616 1302 respueret,
629 1261 705 1301 nempe
717 1250 796 1296 deseri,
808 1249 877 1301 prodi,
887 1250 912 1289 ab
924 1249 970 1302 ipso
981 1247 1021 1288 sibi

146 1314 322 1353 coniunctissime
335 1314 403 1362 tradi;
414 1318 490 1366 quarta
504 1317 546 1361 est,
559 1317 582 1354 ut
598 1315 635 1354 tali
651 1327 689 1355 nes
704 1315 800 1366 exemplo
812 1315 838 1355 ad
851 1314 975 1366 patientiam
988 1313 1021 1353 in-

147 1381 243 1426 strueret,
256 1381 279 1419 ut
288 1379 306 1418 si
317 1392 329 1419 a
339 1379 402 1419 sociis
413 1379 485 1419 traditi
494 1380 598 1430 fuerimus
606 1380 712 1431 patienter
722 1381 814 1421 ieramus
824 1380 865 1420 tria
874 1380 933 1429 haee,
944 1389 1021 1430 nempe

146 1446 167 1483 et
178 1444 234 1495 quod
243 1436 361 1484 erravimus
369 1444 392 1483 in
401 1438 504 1496 eligendis
514 1445 588 1492 sociis,
601 1447 621 1483 ct
631 1446 687 1495 quod
698 1445 800 1486 beneficia
809 1456 862 1496 quae
873 1446 895 1484 in
905 1456 940 1485 eos
950 1446 1024 1485 contu->
1085 1495 1087 1504 Ι

145 1509 209 1548 limus
224 1509 368 1559 perdidimus,
386 1510 475 1560 etquoa
491 1509 595 1550 tradimur
612 1524 629 1548 α.
645 1511 671 1549 Et
686 1510 784 1550 similiter
798 1510 828 1549 ait
842 1510 863 1550 S.
878 1511 931 1561 Aatp.
943 1509 973 1561 (in
986 1510 1019 1548 Ps.

145 1574 199 1621 3t,7.
212 1575 234 1621 8;
245 1574 272 1613 M.
287 1573 369 1627 36,329)
381 1586 386 1613 z
399 1589 408 1610 «
421 1574 463 1613 hoc
476 1575 502 1615 ad
514 1575 636 1627 exemplum
649 1577 733 1615 nostrae
745 1575 859 1628 patientiae
873 1575 973 1626 quoniam
982 1585 1022 1614 ne-

145 1650 203 1678 cesse
217 1641 270 1688 erat,
282 1642 305 1679 ut
316 1640 371 1679 inter
386 1639 452 1679 malos
467 1640 598 1689 viveremus;
609 1651 697 1680 necesse
711 1642 754 1680 erat
767 1643 790 1679 nt
800 1640 866 1679 malos
877 1641 920 1680 sire
931 1639 1020 1679 scientes

145 1704 187 1743 sive
203 1704 321 1744 nescientes
335 1704 485 1753 toleraremus3
503 1704 624 1757 exemplum
639 1705 753 1756 patientiae
770 1704 868 1756 praebuit
884 1717 910 1745 ne
927 1704 1018 1751 delicias,

145 1781 194 1809 cunr
204 1770 300 1820 coeperis
309 1769 365 1809 inter
374 1769 442 1808 malos
451 1770 524 1809 vivere
533 1785 542 1805 α
555 1769 606 1809 etin
617 1769 677 1809 Girit.
689 1770 727 1809 Dei
738 1770 797 1819 18th
808 1768 845 1820 (nl.
856 1768 938 1821 tlpttt
949 1769 971 1809 id
981 1769 1021 1809 fao-

144 1837 190 1873 tum
205 1845 250 1873 esse
264 1834 349 1882 asserit,
364 1836 387 1874 ut
400 1834 506 1874 Ecclesiae
523 1845 572 1873 suae
589 1834 748 1874 tolerandorum
763 1834 867 1874 malorum
884 1835 1021 1886 praeberetur

121 1902 122 1906 ’
145 1899 274 1949 exemplum.
284 1899 355 1938 Etiam
365 1899 417 1937 alias
427 1899 519 1938 rationes
532 1898 603 1938 reddit
613 1898 634 1938 S.
646 1898 715 1939 Tirone.
728 1912 734 1939 :
747 1913 756 1935 a
769 1901 792 1939 ut
802 1898 861 1939 daret
870 1899 1021 1941 documentum

144 1964 201 2016 quod
212 1963 302 2017 dignitas
312 1966 378 2003 status
389 1974 432 2003 non
443 1963 559 2003 sanctificat
568 1963 689 2013 hominem;
700 1964 752 2003 item
761 1963 788 2004 ad
796 1963 978 2016 notandumquod
986 1964 1021 2004 rix

144 2028 248 2080 contingit
258 2029 309 2080 quin
319 2029 341 2067 in
353 2028 421 2068 multa
431 2028 593 2081 congregatione
604 2028 632 2069 sit
641 2028 719 2081 aliquis
729 2029 797 2069 malus
806 2044 825 2069 a.
835 2029 927 2069 Possunt
937 2041 1020 2082 quoque

143 2094 191 2134 addi
201 2093 254 2133 aliae
264 2105 312 2133 cum
322 2092 359 2145 sut
374 2123 378 2131 .
389 2091 450 2146 (torn.
461 2095 473 2134 3
484 2093 522 2133 lib.
534 2095 545 2132 5
556 2105 601 2145 cap.
613 2091 641 2145 5),
652 2096 675 2133 ut
684 2105 747 2144 nemo
756 2093 911 2145 quantumlibet
921 2095 989 2134 bonus
998 2095 1020 2132 in

144 2160 265 2198 sanctorum
276 2158 376 2198 societate
388 2157 414 2197 de
423 2168 445 2197 se
456 2169 541 2198 securus
552 2157 589 2207 sit;
601 2157 670 2197 dein«
681 2157 791 2198 considera
799 2158 892 2198 hominis
902 2159 1020 2199 obduratis-

144 2224 222 2263 simnm
232 2224 329 2263 animum
338 2223 373 2275 qni
384 2223 437 2262 tanti
447 2223 550 2275 magistri,
560 2225 592 2262 tot
602 2223 757 2275 discipulorum
766 2223 842 2272 verbis,
855 2224 962 2276 operibus,
974 2235 1021 2263 oon-

143 2289 260 2328 versatione
274 2288 367 2328 noluerit
380 2288 407 2327 ad
419 2288 507 2328 meliora
519 2288 614 2328 revecari
625 2303 642 2327 p.
658 2288 741 2328 Exinde.
750 2288 822 2339 itaque
836 2288 905 2329 denuo
919 2289 1020 2329 discimus

142 2355 210 2394 Deum
222 2352 280 2406 (narn
291 2355 354 2408 Pater
364 2353 424 2393 dedit
437 2353 519 2393 Christo
533 2353 648 2405 discipules
662 2356 683 2393 et
692 2345 810 2405 apostolos,
822 2354 879 2393 loan.
892 2352 960 2406 lull)
972 2354 1020 2394 dare

143 2419 220 2471 gratias
235 2421 256 2458 et
271 2418 366 2459 conferre
378 2418 488 2469 dignitatis
505 2418 650 2465 eminentiam,
667 2418 706 2458 etsi
720 2418 822 2469 praesciat
834 2418 943 2458 hominem
953 2419 1021 2459 libero

144 2496 183 2523 suo
193 2484 252 2523 abuti
263 2483 361 2530 arbitrio,
371 2482 400 2522 ita
410 2484 434 2522 ut
444 2493 466 2522 se
478 2482 539 2522 donis
548 2482 590 2521 illis
601 2482 682 2534 perdat.
694 2484 724 2522 Ex
734 2494 771 2525 sua
779 2484 837 2534 parte
848 2483 925 2534 gratias
935 2483 1019 2531 tribuit,

143 2549 256 2589 atnullam
265 2547 349 2588 homini
359 2547 423 2587 infert
433 2548 592 2596 necessitatem;
605 2547 672 2588 allicit
682 2559 739 2598 eum,
752 2550 819 2600 urget,
831 2559 873 2588 non
885 2549 946 2601 cogit.
957 2550 986 2589 De
998 2561 1021 2590 ea

144 2614 268 2666 quaestione
283 2615 368 2666 praeter
383 2624 419 2652 ecs
435 2624 488 2663 qnos
503 2612 587 2668 laudavi
603 2614 668 2665 agunt
680 2614 734 2654 Iane.
750 2612 780 2667 (in
794 2614 891 2654 concord.
906 2626 950 2665 cap.
965 2613 1019 2667 109),

144 2680 195 2720 Bar.
205 2678 251 2731 (lib.
261 2680 273 2719 6
283 2690 328 2738 cap.
342 2676 382 2731 ld),
396 2677 472 2718 Grtnna
482 2678 516 2717 ΙΙΙ.
528 2690 550 2730 p.
562 2678 587 2717 32
598 2689 641 2727 seq.

236 2840 237 2843 =
291 2820 307 2868 tr]
321 2822 448 2856 Educentur
461 2823 488 2856 de
501 2823 563 2856 modo
577 2821 753 2865 praedicationis
769 2822 803 2865 10,
817 2821 875 2856 5-15.

172 2946 219 2986 lue.
231 2945 270 2995 Hos
280 2947 377 2980 duodecim
386 2936 437 2979 misit
445 2946 496 2981 Iesus
504 2945 573 2991 pracci-
623 2947 670 2989 10‚5.
681 2945 751 2982 Τούτους
767 2943 804 2984 τοὺς
820 2944 883 2979 δώδεκα
901 2944 995 2981 ἀπέστειλεν
1011 2945 1020 2979 ὁ

146 3005 239 3050 pienseis
252 3006 315 3038 dicens
330 3007 365 3038 :in
381 3007 431 3039 viam
447 3008 532 3048 gentium
550 3015 574 3040 ne
599 3002 662 3047 Ἰησοῦς
693 3002 805 3050 παραγγείλας
830 3002 885 3045 αὐτοῖς
909 2998 971 3052 λέγων·
999 3004 1020 3045 εἰς

147 3065 574 3105 abieritis,etinoiritatesSamaritanorumne
597 3062 635 3096 tabi
655 3060 705 3097 titudo
735 3060 757 3110 μὴ
778 3062 858 3108 ἀπέλθητε
877 3063 904 3108 καὶ
926 3063 947 3104 εἰς
971 3061 1019 3098 aeliu

147 3123 296 3165 intr'ave1*ltis,6.
304 3123 404 3164 sedpotius
412 3124 574 3166 iteadovesquae
597 3121 702 3167 Σαμαρειτῶν
728 3120 749 3170 μὴ
775 3123 865 3167 εἰσέλθητε,
890 3126 906 3160 e.
934 3122 1027 3169 πορεύεσθε.

146 3186 242 3230 perierunt
252 3184 319 3218 denaus
327 3182 392 3216 lsrael.
405 3181 422 3215 7.
431 3181 501 3216 Errntes
512 3184 573 3216 autem
598 3179 615 3213 δὲ
629 3178 697 3216 ratim„
715 3182 753 3230 πρὸς
766 3182 786 3218 τε
801 3182 874 3229 rpttara
883 3182 903 3217 ,a
920 3182 1020 3218 apolenare
