2239 3511
115 259 117 261 ’
135 248 175 292 cor
347 232 349 234 ’
494 234 572 286 uarie?
588 240 620 295 ta,
636 248 669 287 aa

134 348 263 393 necessitate
271 346 397 390 doctrinam
405 345 896 406 proponateamquenovamusuetexemplo
904 346 1004 387 veterum

134 417 322 463 documentorum
337 418 372 461 vel
385 432 462 461 rerum
481 416 576 461 aliunde
592 417 639 462 iam
654 419 759 462 notarum
773 416 881 471 illustret,
901 413 1004 474 explicet,

132 479 273 546 persuadeat.
286 492 318 532 Ita
328 488 391 547 Splu.
401 503 408 532 :
420 508 436 530 u,
447 487 590 548 praedicator
605 488 750 546 evangelicus
761 502 820 533 nova
834 490 855 532 et
865 486 942 531 abdita
952 483 1004 536 fidei

102 573 103 577 ¹
132 561 239 617 mysteria
250 575 291 619 pro
299 560 428 606 auditorum
439 562 506 620 captu
517 574 559 619 per
571 560 646 605 uarias
659 559 829 614 similitudines,
846 557 966 618 parabolas
979 570 1005 601 ae

132 631 234 690 exempla
244 632 314 691 petita
327 632 417 677 erebus
430 631 530 690 antiquis
542 646 569 676 ac
580 646 622 677 usu
632 632 691 676 tritis
705 631 809 690 explanat
824 635 849 674 ut
861 645 887 674 ex
896 629 931 673 his
947 642 1005 687 quae

133 702 246 746 auditores
254 706 338 746 nerunt
347 706 468 762 penetrent
479 716 538 749 nova
549 705 570 747 et
580 703 698 760 incognita
708 717 766 762 quae
774 703 805 746 eis
821 701 886 745 valde
900 699 1005 744 sublimia

131 776 184 817 sunt
200 792 220 819 a.
239 774 282 818 atii
299 789 357 818 neec
373 783 395 818 et
409 782 483 821 cetere
499 775 681 833 interpretantur
696 773 723 819 de
743 772 884 818 abundantia
904 767 1004 828 et'copia

130 844 245 890 'doctrinae
265 846 407 904 multiplicis;
430 846 513 891 dehere
534 844 651 892 doctorem
671 845 820 891 christianum
841 859 881 888 suo
900 847 1004 900 tempore

131 917 232 974 proferre
247 930 373 961 sermonem
389 917 488 970 varium,
505 916 633 974 copiosum3,
651 930 707 975 opus
728 929 775 961 esse
792 920 818 959 ut
837 915 899 975 enini
915 913 1004 957 divinae

131 986 247 1042 scientiae,
264 987 325 1031 enini
340 987 494 1046 exemplorum
514 987 641 1044 generasti
657 985 833 1045 instructusqcl.
853 987 913 1030 laras.
931 982 1002 1028 lllnld.

130 1059 182 1102 Ber.
198 1060 254 1117 Lep.
275 1057 347 1103 Galen.
366 1059 448 1117 Lamp,
466 1058 522 1103 aaa.
539 1057 603 1116 Fit).
622 1060 683 1108 Quae
696 1057 853 1117 interpretatio
870 1055 961 1102 omnino
978 1069 1003 1097 ex

131 1130 272 1173 antecedenti
282 1129 333 1173 fluit
341 1144 437 1188 eamque
448 1128 558 1176 adtotam
567 1128 666 1176 docendi
674 1128 818 1188 provinciam
830 1127 936 1172 extendit.
947 1128 1002 1169 Nem
1045 1124 1047 1126 ’

130 1203 154 1242 ut
165 1200 215 1259 quis
231 1194 338 1257 mysteria
351 1201 416 1257 regni
430 1200 488 1259 aptis
500 1199 690 1247 similitudinibus
700 1200 772 1259 possit
786 1213 913 1259 proponere
923 1200 945 1241 et
960 1211 1002 1258 pro

130 1271 237 1315 varietate
248 1271 394 1328 ingeniorum
404 1270 553 1330 persuadere⁷
565 1271 688 1330 multiplici
699 1270 837 1329 supellectile
850 1269 967 1316 doctrinae
982 1271 1003 1312 et

128 1355 205 1386 sacrae
215 1346 238 1386 et
249 1343 358 1401 profanae
371 1342 494 1389 instructus
504 1356 551 1389 esse
564 1341 640 1389 debet,
656 1345 729 1394 Quare
743 1342 881 1400 quicumque
897 1347 943 1386 esse
955 1340 1003 1386 vult

129 1415 238 1471 magister
249 1417 271 1458 et
281 1414 368 1468 docter,
381 1414 482 1473 arrrplurn
493 1413 679 1472 ac'multiplicem
689 1413 806 1457 doctrinae
815 1413 947 1457 thesaurum
960 1411 1002 1457 sihi

130 1489 245 1543 temperet
258 1499 355 1543 erantque
368 1484 449 1540 indies
458 1487 541 1540 augeat
550 1498 641 1530 neeesse
652 1489 692 1530 est.

154 1633 227 1673 Variae
243 1644 296 1684 quae
310 1633 406 1674 feruntur
423 1629 573 1684 explicationes
587 1644 693 1684 quaenam
707 1633 750 1671 sint
765 1644 816 1671 arceo
829 1637 847 1671 et
858 1635 925 1673 ectcru
939 1631 1002 1671 exiis

129 1694 181 1749 quae
191 1699 247 1739 dicta
258 1700 307 1740 sunt
320 1698 377 1737 haud
388 1709 476 1749 operose
489 1697 614 1754 derivantur
624 1700 644 1737 et
657 1698 784 1741 iudicentur.
796 1697 921 1747 Perrulguta
931 1699 962 1739 est
971 1696 1001 1734 in·

127 1764 193 1815 telligi
207 1775 287 1805 saeuam
298 1762 427 1814 Scriptorum
440 1762 519 1804 veteris
529 1765 550 1804 et
562 1763 612 1805 novi
625 1762 748 1806 testamenti
764 1761 797 1815 (cf.
814 1764 917 1813 06666666,
931 1763 956 1800 u.
969 1762 1000 1806 ta.

127 1830 176 1877 8723
188 1829 230 1868 Ha.
245 1828 300 1867 Hier.
316 1828 385 1878 Clnps.
403 1828 450 1880 Cpr.
467 1826 531 1867 Entlc.
543 1828 616 1867 Pescla.
631 1827 681 1867 Feb.
694 1826 754 1866 Dion.
770 1827 832 1866 Saltu.
850 1825 910 1879 Call),
922 1838 947 1865 ex
963 1838 1002 1877 qua

127 1896 252 1946 argumenta
261 1896 281 1934 et
288 1893 422 1939 documenta,
432 1892 528 1946 exempla
538 1894 559 1931 et
567 1892 719 1932 similitudines
727 1903 824 1944 premere
833 1891 934 1943 oporteat.
943 1890 1001 1937 Quod

127 1959 193 2010 aliqui
209 1961 297 2000 monent
314 1957 415 2009 (testatus
431 1969 464 2008 qu.
482 1956 515 2009 75)
530 1959 576 1997 tum
593 1958 695 2009 temporis
713 1968 754 2007 quo
771 1957 862 1997 Christus
876 1957 1002 2008 loquebatur

127 2024 223 2064 nondum
237 2024 326 2075 scriptos
342 2023 406 2063 luisse
421 2023 486 2062 libros
499 2023 549 2064 irovi
561 2024 692 2069 testamenti,
704 2033 777 2062 verum
792 2025 823 2061 est
835 2023 872 2061 sed
883 2013 958 2074 parum
974 2023 1000 2062 ad

126 2100 181 2138 rem3
193 2089 272 2129 exstitit
286 2089 342 2128 enim
353 2088 446 2127 doctrine
456 2087 505 2127 nevi
515 2087 608 2127 foederis
618 2100 630 2126 a
640 2088 723 2129 Christo
733 2084 859 2127 amiternina
867 2092 887 2127 et
900 2087 958 2138 qued
969 2086 999 2126 illi

125 2154 197 2193 volunt
206 2157 238 2194 est
246 2153 354 2193 doctorem
368 2153 443 2192 debere
456 2152 514 2192 ouini
526 2153 636 2193 doctrinae
647 2164 727 2205 genere
737 2155 832 2203 paratum
844 2164 900 2201 esse;
912 2155 933 2191 at
942 2153 999 2192 unde

125 2231 171 2258 eam
181 2220 257 2259 melius
265 2229 329 2269 quam
339 2230 363 2257 ex
372 2229 427 2257 novo
438 2220 458 2257 et
467 2219 538 2257 vetere
547 2220 677 2258 testamento
688 2218 851 2268 prometlQuod
862 2218 934 2269 itaque
943 2218 999 2260 shri-

125 2286 170 2341 stus
181 2284 206 2324 de
221 2283 279 2324 omni
291 2283 398 2322 doctrinae
414 2283 474 2334 cepio
488 2282 551 2332 dixit,
563 2283 586 2322 id
601 2283 633 2328 illi
648 2284 674 2324 ad
686 2295 767 2324 sacram
779 2283 909 2334 Scripturam
919 2277 966 2334 apte
978 2286 998 2323 et

124 2349 239 2401 prudenter
250 2349 444 2396 accommodarunt,
457 2350 480 2388 ut
490 2347 552 2390 llleltl.
567 2348 621 2390 bene
636 2349 694 2392 dicit.
707 2348 760 2391 Huic
773 2351 885 2400 cognatum
900 2349 997 2399 estquod

125 2414 211 2465 Theopt.
222 2414 267 2454 vult
276 2425 330 2454 nore
341 2425 386 2454 esse
398 2413 491 2455 docenda
501 2413 531 2455 ita
544 2416 567 2457 ut
578 2425 603 2455 ex
616 2417 688 2457 vetere
702 2414 858 2468 subiungantur
868 2413 995 2460 testimonia,

123 2478 154 2519 ite
163 2491 242 2520 novum
253 2490 298 2519 esse
311 2490 314 2518 :
326 2490 363 2529 pro
376 2479 443 2518 otiose
455 2489 552 2520 sermone
563 2479 668 2521 rationem
677 2479 765 2527 reddes3
775 2478 796 2520 ld
806 2490 830 2519 ex
840 2481 909 2522 vetere
920 2479 996 2518 confir-

123 2544 177 2584 mari
187 2556 191 2583 :
201 2556 226 2585 ex
236 2543 368 2584 sermonibus
380 2544 437 2585 enim
446 2543 488 2585 tuis
498 2546 519 2585 et
532 2543 681 2587 iustificaberis
692 2546 713 2582 et
723 2543 902 2586 condemnaberis.
914 2544 980 2583 Aliter
991 2556 995 2583 z

122 2611 200 2661 figuras
209 2612 291 2651 veteres
304 2608 402 2659 explicari
416 2609 438 2649 in
452 2619 505 2649 nova
519 2608 572 2660 lege,
589 2620 666 2652 nevam
676 2610 746 2660 legem
758 2608 834 2649 addere
847 2621 914 2650 <nouos
923 2621 996 2652 sensus

122 2686 184 2727 super
192 2677 286 2715 veterem
297 2673 325 2726 (S.
337 2672 425 2726 Tlrona);
437 2674 469 2714 vel
478 2676 550 2714 vetere
559 2685 605 2716 esse
616 2686 670 2727 quae
682 2674 708 2714 ad
718 2676 812 2717 ueterem
820 2675 929 2715 hominem
939 2687 996 2730 spec-

121 2743 172 2787 tent,
188 2752 243 2779 nova
257 2751 310 2792 quae
324 2739 350 2779 ad
366 2751 440 2780 nerem
454 2739 520 2780 vitam
533 2751 545 2779 a
557 2739 638 2779 Christo
653 2740 761 2788 heustem;
773 2740 798 2779 de
814 2741 908 2791 utrisque
920 2739 996 2779 debere

122 2804 237 2843 doctrinam
250 2804 351 2857 proponi;
365 2805 393 2843 ite
404 2804 424 2844 S.
441 2803 548 2856 Graeciae
559 2817 565 2844 :
576 2816 632 2844 nova
642 2805 668 2845 de
681 2805 783 2844 suavitate
796 2806 864 2856 regni,
876 2806 959 2843 vetusta
970 2804 996 2845 de

121 2870 201 2908 terrore
211 2869 318 2920 supplicii3
330 2869 374 2909 Alb.
386 2882 392 2909 :
403 2872 457 2910 nexa
465 2869 527 2909 novis
538 2870 561 2908 in
573 2870 654 2922 Spiritu
667 2873 725 2923 apte,
737 2870 829 2921 quaead
839 2869 996 2913 innovationem

120 2933 238 2984 pertinenty
249 2935 320 2972 uetera
330 2946 383 2985 quae
393 2935 419 2974 ed
432 2936 560 2975 vetustatem
572 2938 718 2987 peccatorum,
730 2937 754 2975 ut
763 2935 815 2974 haec
824 2934 968 2986 vituperentur
976 2938 997 2975 et

119 2998 240 3050 fugientum
253 2997 300 3037 sim.
313 2997 384 3039 Pescla.
393 3001 455 3039 Salen.
467 3000 505 3041 Vel
516 3000 626 3040 doctorem
636 3001 714 3040 habere
726 2999 869 3049 cognitionem
879 3012 950 3042 rerum
963 3013 997 3043 an-

120 3063 228 3114 tiquarum
243 3063 264 3102 et
278 3063 405 3113 recentium7
416 3068 440 3104 nt
451 3077 476 3104 ex
489 3065 532 3103 illis
543 3066 643 3116 exempla
653 3064 716 3105 ducat
727 3066 776 3114 apta
787 3064 812 3104 ad
826 3065 995 3117 persuadendum

122 3126 195 3180 (Bon).
208 3128 304 3179 Denique
315 3127 378 3167 etiam
388 3132 500 3178 quaerunt,
511 3141 548 3170 cur
559 3129 629 3180 priore
639 3128 685 3171 leco
694 3131 798 3179 ponantur
806 3138 863 3172 noun.
875 3133 898 3171 Et
908 3130 931 3171 S.
942 3131 996 3184 Any.

122 3192 207 3244 quidem
218 3195 289 3234 censet
299 3192 328 3234 ita
339 3192 388 3243 poni
400 3196 486 3246 propter
498 3193 624 3245 dignitatem
637 3193 686 3234 novi
700 3195 819 3237 testamenti
831 3196 882 3250 (Gir.
893 3198 917 3240 a,
929 3195 996 3251 aean
