2211 3575
487 197 572 236 blarru.
583 198 603 245 6,
616 197 648 236 13.
744 178 746 181 Ι
973 201 1011 241 321
1042 227 1044 231 ψ

130 310 156 340 ac
170 296 313 354 tragilitatis3
325 298 433 342 iubemur
443 298 505 343 enim
517 294 646 358 rogarant
659 300 717 342 [leus
729 296 833 355 benigne
843 312 857 341 a
866 294 933 340 nobis
946 290 1012 340 aver-

129 369 161 411 tat
180 368 204 413 id
225 384 268 428 quo
284 369 424 415 'inducamur
444 370 474 414 ad
492 373 624 429 peccatum,
644 373 669 414 ut
689 384 730 429 pro
748 384 789 414 sua
806 367 954 429 providentia
973 381 1011 412 eas

99 428 101 435 ¹
128 452 205 483 rerum
221 436 372 495 conditiones,
389 440 530 495 occasiones,
547 443 643 485 munera
659 440 785 485 rationesve
800 440 892 485 anobis
905 443 1011 483 amoveat

129 523 187 568 quae
196 510 263 554 nobis
276 511 367 554 ruinam
377 511 521 569 spiritualem
529 510 628 555 allatura
636 510 778 569 praevideat.
790 513 817 555 Ut
827 510 855 554 de
865 514 943 554 nostra
954 509 1010 553 edo-

131 594 208 623 cemur
218 578 372 624 imbecillitate
382 578 462 638 (Cppr.
480 580 550 625 lizath.
570 589 606 640 op.
620 576 676 640 turp.
687 580 760 626 Mala
772 580 851 641 Lep),
870 583 903 626 ita
913 597 1004 641 quoque

131 650 247 700 erudimur
260 651 285 694 in
298 650 337 695 bei
351 665 393 710 ope
404 652 426 694 et
436 651 511 707 gratia
525 666 615 696 omnem
633 651 745 713 evadendi
759 665 823 712 spem
836 666 882 697 esse
892 652 1003 696 collocan-

131 722 190 766 dam.
205 726 278 774 Quare
288 722 367 782 petitio
379 722 436 767 haec
447 714 558 781 professio
571 725 605 766 est
617 723 752 768 humilitatis
770 726 792 767 et
806 723 904 768 fiduciae
917 724 941 768 in
956 725 1003 768 solo
1018 725 1020 728 ’

129 797 173 837 Deo
180 793 305 852 ponendae..
315 792 389 849 llodns
396 792 507 853 loquendi
516 809 544 838 ue
553 809 593 839 aas
601 793 696 848 iudaeus
703 795 741 853 (ne
748 809 789 839 nos
795 796 889 850 inieras,
901 796 925 840 S.
933 795 1001 854 dap.)

128 864 189 909 idem
196 867 229 908 est
238 866 347 924 quisaepe
355 865 381 908 in
388 879 405 909 s.
415 865 496 909 litteris
504 866 617 921 cernitur;
627 865 687 910 nihil
695 866 756 911 eninr
764 867 814 910 fieri
820 869 894 926 potest
902 866 946 910 nisi
953 867 1003 925 ipso

127 940 241 980 annuente
249 938 271 980 et
278 936 423 995 permittente
430 938 452 980 et
460 951 555 981 manum
565 938 744 997 omnipotentiae
755 952 808 982 snae
816 937 905 981 laxante
915 936 1000 997 (MP-li

128 1008 180 1067 [luia
190 1008 260 1063 enim,
272 1007 305 1051 ait
312 1009 336 1052 S.
348 1009 400 1063 Bru,
410 1008 457 1053 sine
467 1009 515 1052 eius
526 1009 676 1068 permissione
684 1009 743 1053 nihil
753 1009 791 1062 tit,
799 1009 843 1054 hoc
853 1009 901 1068 ipso
911 1008 1002 1053 videtur

126 1079 201 1123 iacere
217 1079 338 1138 quodfieri
354 1079 475 1138 permittit,
492 1080 541 1138 ipse
554 1080 627 1136 igitur
639 1094 680 1124 nos
693 1081 718 1123 in
734 1080 884 1124 tentationem
898 1079 998 1134 inducit,

128 1150 181 1209 quia
190 1150 380 1193 inimicus'noster
395 1164 434 1192 nos
444 1141 550 1193 tentandi
559 1152 695 1208 potestatem
709 1165 757 1193 non
766 1150 894 1204 habuisset,
903 1151 948 1194 nisi
956 1151 1000 1194 hoc

128 1223 148 1265 ei
162 1221 258 1280 desuper
275 1220 353 1264 datum
368 1220 452 1263 luisset.
472 1220 527 1263 Vide
544 1235 603 1280 quae
620 1221 698 1264 notari
716 1220 745 1264 ad
760 1222 786 1264 ls.
800 1224 852 1274 6,10
865 1220 998 1279 (Commeat.

127 1296 168 1352 lp.
182 1292 239 1352 lto).
254 1292 317 1348 Legit
330 1292 354 1336 S.
372 1292 440 1351 Cypra
452 1305 460 1335 .·
473 1294 496 1335 et
512 1306 541 1335 ne
552 1306 593 1336 nos
602 1291 697 1351 patiaris
706 1290 785 1336 induci
799 1292 823 1335 in
840 1292 998 1345 tentationem3

127 1364 206 1428 eodem
219 1362 287 1425 naode
300 1361 397 1421 explicat
413 1364 472 1406 Tert.
491 1365 512 1406 et
528 1362 612 1407 multos
630 1362 789 1421 ita'precandc
803 1362 919 1408 dicereS.
938 1364 998 1424 alp.

126 1438 203 1480 narrat
217 1437 351 1494 exponentes
364 1433 471 1477 videlicet
484 1433 599 1492 quomodo
613 1434 699 1478 dictum
712 1435 740 1477 sit
753 1433 848 1478 abducas
859 1433 916 1493 (sim.
928 1435 998 1479 Eutb.

125 1507 180 1551 Bcd,
194 1506 272 1550 Puscb.
287 1505 351 1562 etc),
365 1519 395 1548 nc
407 1504 455 1549 scil.
471 1505 575 1550 rudiores
586 1505 668 1549 falsam
685 1505 713 1549 dc
728 1508 772 1549 Deo
789 1506 907 1550 notionem
923 1507 999 1560 conci·
1016 1544 1018 1547 .

125 1579 196 1638 piant.
214 1580 289 1636 Neque
303 1575 357 1620 huic
369 1575 494 1635 precationi
510 1575 585 1620 obstat
595 1576 657 1635 quod
668 1579 690 1620 S.
702 1577 798 1621 lacobus
813 1577 892 1621 scribit
910 1592 914 1622 :
932 1592 999 1622 omne

126 1650 235 1708 gaudium
251 1648 385 1703 existimate,
403 1661 455 1690 cum
472 1647 498 1691 in
512 1648 647 1691 tentationes
664 1648 739 1691 varias
749 1647 876 1692 incideritis
894 1647 960 1707 (lfa).
973 1648 998 1692 ld

126 1722 186 1765 enim
199 1721 247 1777 agit
256 1721 282 1763 nt
290 1718 367 1762 fideles
379 1718 490 1762 confortet
499 1718 524 1761 in
533 1719 562 1762 iis
571 1718 738 1762 tentationibus
751 1734 777 1763 ac
790 1718 964 1778 proliationibus
972 1720 998 1764 in
1044 1731 1045 1734 ’

126 1788 207 1852 [pribus
219 1791 265 1835 iarn
278 1792 407 1847 versantur3
422 1791 491 1848 atque
502 1789 606 1848 profecto
618 1790 637 1832 si
652 1789 735 1833 adsunt
747 1790 896 1844 tentationes,
909 1793 998 1850 oportet

125 1878 165 1908 nos
178 1877 266 1907 armare
277 1861 362 1905 fiducia
379 1862 401 1904 et
412 1875 453 1919 spe
463 1861 573 1904 victoriae
589 1875 631 1920 per
646 1863 718 1909 Deum
731 1862 894 1919 reportandam
911 1865 999 1921 oportet

124 1937 224 1995 spectare
234 1933 361 1992 praemium
372 1931 498 1976 uictoribus
511 1929 659 1991 promissum
677 1934 766 1991 oportet
776 1947 816 1977 nos
831 1933 941 1978 roborare
953 1933 999 1978 illis

125 2021 182 2065 quae
193 2011 204 2049 t
215 2008 264 2049 Cor.
278 2008 344 2058 10,13
360 2006 382 2047 et
389 2006 436 2047 lae.
454 2006 506 2057 l,12
517 2001 628 2047 docentur
639 2005 680 2047 etc.
691 2018 695 2058 ;
707 2006 729 2047 at
737 2018 851 2048 memores
859 2003 999 2048 infirmitatis

121 2079 213 2120 nostrae
222 2080 243 2119 et
250 2074 339 2119 ruinam
345 2074 455 2118 timentes
463 2088 504 2117 nos
511 2088 578 2117 orare
587 2075 684 2133 oportet,
694 2076 719 2118 ut
726 2089 739 2117 a
747 2073 892 2131 gravioribus
901 2088 1003 2132 praeser-

121 2146 162 2190 tim
169 2144 325 2191 occasionibus
331 2148 353 2189 et
362 2144 469 2204 periculis
476 2158 660 2204 praesentemur.
669 2145 799 2189 Generatim
806 2135 892 2204 quippe
901 2147 1003 2204 praestat

55 2216 57 2221 ’
120 2217 200 2290 ipgere
212 2219 233 2261 et
246 2217 331 2260 evitare
344 2216 481 2260 tentationes
493 2230 565 2275 quam
578 2231 617 2260 eas
631 2230 742 2274 quaerere
756 2219 779 2259 et
791 2230 923 2275 provocare.
981 2204 983 2209 ’

147 2361 233 2400 Recenti
252 2362 347 2411 tempore
363 2358 381 2399 J.
398 2357 471 2398 Hellcr
484 2358 624 2410 reprehendit
639 2359 767 2411 interpretes
788 2359 825 2410 qui
841 2358 948 2411 explicant
962 2355 1001 2399 nds

118 2437 187 2474 orare,
201 2429 226 2466 ut
238 2435 400 2478 praeserventur
412 2436 425 2463 a
439 2424 593 2464 tentationibus
611 2422 740 2477 (Zeitschrilt
750 2423 764 2462 f.
780 2424 838 2464 bath.
851 2424 924 2464 Theol.
941 2424 1001 2464 lnns-

118 2492 193 2541 bruel,
206 2492 264 2540 lect,
276 2503 296 2543 p.
305 2492 331 2531 85
339 2489 404 2543 seq.);
414 2501 490 2531 verum
501 2501 589 2530 sensum
597 2489 639 2530 iam
649 2490 733 2530 dudum
743 2489 941 2542 essepropositum;
953 2490 1003 2530 itaa
1017 2494 1019 2496 '

119 2558 140 2597 S.
150 2557 231 2596 'thoma
242 2568 247 2596 z
258 2568 300 2597 non
313 2556 415 2607 petimus,
427 2559 500 2596 utnon
511 2557 628 2604 tentemur,
641 2555 678 2595 sed
688 2558 713 2595 ut
722 2555 859 2596 atentatione
872 2567 916 2596 non
929 2555 1001 2595 vinca-

117 2633 172 2663 mur.
182 2623 234 2661 Puto
242 2633 287 2661 eam
294 2621 440 2673 acceptionem
448 2621 578 2674 interpretes
586 2621 634 2661 illos
644 2633 698 2672 quos
707 2621 822 2673 carpitncn
828 2622 944 2673 ignorasse,
953 2632 1001 2661 cum

119 2688 243 2741 plerumque
251 2687 296 2727 eiras
308 2686 439 2726 mentionem
451 2686 535 2736 faciant,
546 2698 622 2727 verum
631 2687 740 2726 dubitasse
750 2698 804 2726 num
813 2698 837 2725 ea
846 2687 916 2726 solum
926 2698 1001 2738 accep-

119 2754 177 2794 tione
187 2754 261 2794 obvius
272 2753 385 2793 uerborum
395 2763 472 2798 sensus
483 2752 641 2800 exhauriretur;
652 2763 722 2804 neque
732 2751 820 2801 phrasin
831 2751 888 2791 illam
900 2751 925 2790 de
938 2751 1000 2791 levis-

119 2819 172 2860 sima
186 2820 260 2871 (luatis
275 2817 390 2859 tentatione
405 2816 536 2869 intelligunt,
551 2818 588 2856 sed
599 2816 630 2855 uti
643 2816 666 2855 in
679 2827 776 2856 sermone
791 2828 877 2868 alnoque
892 2817 1000 2856 communi

119 2884 224 2932 usrnenit,
233 2884 258 2924 de
266 2884 323 2937 gravi
331 2882 468 2923 incitamento
476 2893 518 2934 quo
526 2882 558 2921 vir
566 2882 768 2933 ceteroquinbonus
776 2882 841 2923 etiam
849 2883 870 2921 in
879 2882 1000 2934 periculum

117 2949 217 3003 peccandi
224 2950 297 2990 induci
305 2950 378 3002 possit.
388 2948 509 2989 Secundum
517 2944 590 2987 Hellas
597 2947 678 2987 intrare
687 2949 709 2987 in
717 2947 856 2988 tentationem
863 2945 932 3000 (retr)
942 2948 1000 2987 idern

118 3019 150 3056 est
160 3011 184 3056 ac
192 3016 330 3056 succumbere
340 3014 459 3063 tentationi,
469 3014 488 3054 ei
499 3004 619 3054 consentire
629 3014 737 3054 voluntate
748 3014 815 3054 libera
822 3013 844 3066 (1,
852 3026 869 3053 c.
880 3026 900 3065 p.
912 3014 944 3052 89,
956 3013 998 3065 ab).

119 3082 169 3121 ariis
180 3079 248 3121 uerbis
257 3079 306 3120 inde
316 3085 443 3132 sequeretur
451 3080 552 3127 inducere
561 3080 584 3119 in
592 3081 735 3120 tentationem
743 3091 789 3120 esse
798 3079 858 3120 idern
865 3071 927 3130 atque
938 3079 999 3118 indu-

112 3158 164 3187 cere
175 3148 197 3187 in
207 3148 316 3199 peccatum
327 3148 348 3184 et
358 3158 395 3186 rios
406 3147 477 3198 itaque
486 3159 497 3186 a
507 3149 551 3187 Deo
559 3149 632 3198 petere
645 3158 649 3185 :
661 3157 687 3185 ne
695 3158 734 3186 nos
745 3145 834 3186 inducas
845 3146 867 3185 in
878 3146 996 3197 peceatum
