2211 3575
345 253 346 256 ’
414 268 487 298 77777.
503 259 522 306 2,
539 257 558 296 7.
755 290 756 293 ,
893 267 934 306 >1023

44 357 132 402 tionem
143 358 165 400 et
175 370 256 414 magos
267 357 384 403 advenisse
395 361 417 421 et
427 357 541 403 Christum
550 358 575 402 77
588 360 721 418 Aegyptum
732 357 857 403 deductum
867 357 933 402 inde-

48 442 92 487 que
111 427 232 472 reductum
250 446 261 470 »
280 428 341 488 (diss.
361 434 389 475 27
408 445 457 489 cap.
475 434 526 488 ap.
546 428 606 489 326).
623 430 764 484 Sententiam
774 445 843 489 quam
854 443 932 474 veram

33 512 129 550 <censeo
146 499 205 543 bene
221 508 355 560 proponunt
378 516 403 545 ac
428 499 554 544 defendunt
575 500 665 544 Grimm
685 504 733 560 lp.
752 505 804 557 327,
823 501 906 546 Coraci
923 534 944 556 ,<

47 570 539 630 meod111p.203,Fd.Pelleosu
554 570 670 628 7777777777,
683 571 712 615 77.

73 689 150 729 Verum
160 691 227 731 7777777
238 690 344 732 7777777777
354 702 426 743 magos
437 668 548 731 advenisse
558 690 611 730 diet
603 694 646 731 777
647 690 667 730 io
638 690 763 731 tdecimo
773 690 930 747 postunativita-

47 754 90 791 tem
99 756 143 794 7777
151 756 283 807 pervulgata.
294 757 345 795 Eam
355 755 457 807 proponit
468 752 491 794 S.
502 752 633 807 7779777337
643 766 707 794 serm.
720 755 779 802 2637
791 767 795 794 z
806 769 815 791 «
827 755 931 794 Dominus

46 819 95 856 nost
97 829 119 857 er
129 819 188 859 Iesus
199 820 296 860 Christus
306 822 355 860 ante
365 820 411 860 dies
419 820 570 860 tredecimt
533 822 570 859 nat
572 831 597 859 us
608 831 619 859 a
628 831 697 872 manns
707 819 773 860 hodie
781 818 845 860 titrad
829 830 872 859 rur
836 819 931 859 tado-

46 884 78 921 rat
79 894 147 923 usae
150 885 245 925 teodem
258 896 356 926 sermone
367 898 389 925 n.
400 885 452 925 3777
462 879 574 941 numerum
590 884 748 925 duodenarium
761 883 855 925 universi
870 884 926 924 orbis

47 947 137 989 salutem
146 950 228 1002 praefi
229 962 299 1000 urare,
312 966 321 987 7
330 950 378 991 rdeo
389 951 430 991 for
422 953 477 991 asse
487 952 535 1002 pos
549 962 576 991 na
577 950 642 991 alem
653 950 739 990 Domini
754 950 870 996 duodecim
884 949 929 990 die-

46 1013 86 1052 bus
97 1013 174 1055 additis
185 1016 242 1069 magi
250 1016 358 1068 primitiae
365 1017 462 1068 gentium
470 1015 495 1055 ad
505 1016 610 1056 Christum
622 1015 740 1074 videndum
750 1016 929 1065 adorandumque

18 1110 20 1117 .
45 1083 149 1120 venerunt
160 1096 169 1117 7
183 1079 218 1133 (77.
229 1081 326 1129 aalma,
338 1081 406 1134 7636).
417 1083 484 1132 Atque
495 1081 518 1120 in
527 1081 580 1120 libro
594 1081 620 1120 de
633 1092 739 1121 censensu
750 1080 929 1132 evangelistarum

46 1143 161 1184 advenum
176 1156 290 1217 magorum
306 1147 366 1197 ponit
381 1145 545 1186 circumcisione
560 1147 647 1198 narrata
661 1146 764 1195 (malm
778 1144 806 1185 777.
823 1144 941 1198 3777732)1
1004 1136 1005 1140 ¹

47 1207 127 1248 Eadem
142 1211 189 1249 777
191 1212 228 1249 en
229 1222 250 1250 ra
264 1213 366 1262 proponi
367 1222 392 1251 ur
405 1222 425 1250 m
437 1208 505 1264 plasea
518 1209 655 1252 ordinaria
641 1195 716 1262 (77.7
693 1209 744 1258 777,
742 1209 782 1263 7,37
755 1208 838 1250 3aS.
852 1208 926 1249 Poscit.

47 1271 137 1313 Tboofla
132 1285 155 1314 77
166 1278 308 1324 commen
297 1276 403 1327 etin3p
419 1288 453 1327 qu.
465 1276 538 1315 3677.
524 1275 572 1324 7,6
587 1271 794 1315 resalutamus
809 1274 860 1314 Bru.
843 1273 932 1327 t.Lapv

47 1339 180 1391 eandemque
195 1339 326 1381 sententiam
341 1339 418 1381 37777777
433 1352 518 1394 quoque
532 1340 707 1386 communiorem
723 1342 744 1380 77
756 1339 867 1380 verisimili
861 1350 928 1379 iorem
971 1386 974 1393 ,

45 1404 148 1456 appellat.
167 1405 289 1446 Generatim
309 1408 424 1457 provocant
441 1405 467 1445 ad
486 1403 623 1446 traditionem
640 1405 662 1444 77
680 1405 774 1446 Ecclesia
790 1415 927 1456 communem

45 1480 109 1528 quam
123 1482 148 1510 777
162 1482 186 1511 eo
198 1470 297 1525 derivant
310 1471 366 1523 quia,
381 1471 411 1511 7777
427 1471 558 1511 circumcisio
568 1470 602 1511 die
614 1473 688 1511 octavo
698 1473 747 1522 post
760 1470 892 1510 nativitatem
907 1472 928 1509 et

44 1534 163 1586 purificatio
174 1535 209 1576 die
221 1536 386 1588 quadragesimo
396 1536 522 1584 celebretur,
534 1536 562 1576 ita
572 1524 692 1588 magorum*
701 1535 806 1576 adventus
818 1536 852 1575 die
863 1536 926 1575 tertio

46 1598 139 1649 decim0;
152 1612 201 1653 ergo
216 1601 328 1641 inferunt:
342 1601 396 1641 sicut
388 1600 537 1641 illidesrer
551 1604 597 1652 ges
599 1613 688 1641 777777
700 1601 838 1652 responden
850 1601 879 1640 777
892 1600 926 1640 hro

45 1664 174 1718 quoque(i.
175 1630 266 1705 DBruma.
276 1678 298 1706 7
310 1667 336 1706 377
347 1667 372 1706 ad
382 1678 460 1706 7777777
469 1665 553 1719 7..6777)
566 1666 633 1713 Quam
644 1666 696 1706 illa
683 1668 761 1706 ionem
772 1677 817 1705 esse
828 1665 924 1705 fallacem

44 1729 148 1770 77777
112 1733 160 1782 pa
150 1732 243 1771 Nam
254 1731 287 1771 lac
296 1743 369 1782 magos
381 1731 493 1771 advenisse
504 1734 552 1782 pos
562 1733 677 1774 annumet
668 1732 713 1770 13
725 1729 846 1770 diesana
833 1733 871 1770 777
873 1732 922 1777 777,

43 1806 114 1835 nonne
125 1796 235 1837 sollemnis
247 1797 423 1837 commemoratio
436 1797 510 1837 eodem
521 1796 555 1836 die
567 1808 610 1848 quo
620 1807 678 1836 nunc
689 1798 734 1835 erat
745 1795 885 1835 celebranda?
895 1795 924 1834 77-

45 1860 130 1911 quidem
140 1862 236 1902 Ecclesia
247 1860 336 1914 singulis
347 1863 406 1903 77777
416 1863 485 1902 omnia
496 1863 588 1902 celebrat
600 1861 712 1912 mysteria.
724 1861 789 1900 Porro
802 1860 878 1901 eodem
889 1860 924 1900 die

44 1925 55 1963 6
65 1927 143 1966 mensis
153 1927 246 1967 77777777
257 1927 450 1975 etiamcelebratur
459 1926 636 1967 commemoratio
647 1925 750 1978 baptismi
761 1926 838 1966 Christi
850 1928 871 1965 et
881 1926 923 1965 mi-

43 1991 108 2030 raculi
117 1990 139 2030 in
149 1993 204 2032 Cana
213 1992 299 2044 patrati.
311 1994 366 2033 Num
380 1993 430 2033 haec
443 1994 554 2045 propterea
567 1991 673 2032 credenda
686 1990 729 2030 sint
742 1994 791 2043 post
805 2003 871 2031 annos
885 1991 923 2030 tri-

43 2055 100 2106 ginta
109 2057 184 2097 eodem
198 2057 232 2097 die
244 2059 256 2097 6
266 2058 348 2097 mensis
360 2058 468 2098 evenisse?
480 2057 614 2109 neutiquam!
628 2058 681 2096 Nam
695 2056 823 2097 miraculum
834 2057 856 2096 in
868 2057 923 2097 Cana

44 2132 86 2161 non
94 2122 173 2162 factum
183 2134 229 2162 esse
240 2135 282 2163 uno
295 2135 349 2163 anuo
360 2125 408 2175 post
420 2123 495 2164 Christi
505 2122 613 2174 baptisma
623 2133 649 2161 777
659 2122 770 2173 evangelio
781 2122 867 2162 loannis
879 2121 923 2161 evi-

42 2185 116 2227 denter
129 2190 194 2239 patet.
210 2188 320 2228 Immerito
337 2188 401 2241 igitur
415 2189 527 2239 opinantur
542 2199 629 2228 sensum
643 2187 750 2227 Ecclesiae
768 2198 816 2227 eum
832 2198 885 2234 7777,
899 2188 923 2225 ut

43 2253 217 2292 commemoratio
229 2253 328 2304 mysterii
342 2253 416 2292 eodem
431 2253 464 2292 die
479 2253 515 2292 7777
529 2265 569 2303 quo
583 2252 713 2303 mysterium
727 2251 778 2290 olim
791 2251 870 2291 lactum
882 2255 920 2291 est.

43 2316 118 2356 llirum
126 2321 157 2357 est
168 2317 225 2368 quod
234 2317 302 2368 aliqui
312 2317 460 2368 huncquoque
468 2317 573 2356 rationem
584 2317 606 2355 777
617 2315 713 2355 medium
724 2315 830 2355 aderunt:
840 2316 858 2354 si
866 2306 932 2367 magi

43 2384 88 2431 post
102 2393 181 2422 anuum
192 2381 311 2428 7777777777,
324 2383 441 2434 puerulum
455 2382 498 2430 iarn
507 2393 551 2421 non
560 2382 583 2420 77
598 2380 723 2420 Bethlehem
737 2381 873 2428 invenissent,
884 2380 921 2420 sed

42 2444 63 2483 iu
73 2447 178 2499 Aegypto!
190 2446 232 2487 Alii
241 2447 347 2487 obiiciunt
354 2450 403 2498 post
410 2447 580 2499 purificationem
589 2441 670 2486 sacram
678 2445 784 2485 familiam
795 2446 922 2494 concessisse

43 2509 63 2548 77
74 2512 174 2552 Nazareth
183 2513 234 2553 Luci
247 2513 303 2560 2,39,·
316 2524 365 2564 ergo
378 2513 395 2551 si
405 2512 461 2565 magi
474 2513 583 2552 venissent
591 2514 640 2564 post
651 2523 698 2552 eam
709 2511 868 2561 caerimoniam,
878 2512 923 2551 iam

42 2586 82 2615 non
97 2577 220 2618 inventuros
237 2578 303 2617 fuisse
319 2578 434 2630 puerulum
450 2577 472 2618 in
481 2577 617 2618 Bethlehem.
633 2578 660 2616 At
674 2567 730 2617 ratio
745 2576 799 2617 haec
814 2589 839 2617 77
854 2578 922 2617 Lucae

42 2642 161 2683 narratione
168 2644 297 2695 deprompta
303 2654 349 2682 rem
357 2654 401 2683 non
409 2644 492 2683 evincit.
502 2644 554 2683 Cum
566 2644 624 2683 enim
633 2643 653 2683 S.
665 2642 766 2682 Lucas'de
775 2642 868 2682 adventu
879 2654 921 2683 ma-

42 2716 120 2755 gorum,
136 2708 161 2748 de
176 2708 227 2760 luga
241 2708 263 2746 in
278 2707 399 2760 Aegyptum
414 2708 473 2748 etde
488 2708 558 2748 reditu
572 2708 604 2748 nil
619 2708 704 2755 7777777,
719 2708 744 2746 ab
761 2707 807 2747 eius
821 2707 922 2747 narrandi

41 2770 104 2811 modo
112 2784 154 2812 non
166 2774 306 2822 ablrorret‚ut
282 2784 370 2824 uquae
380 2776 427 2823 post
419 2773 482 2813 tilios
490 2777 550 2813 event
552 2785 577 2813 777
588 2772 723 2824 contigerint,
737 2774 769 2812 sta
757 2772 810 2812 7777
821 2772 855 2817 adi
849 2774 923 2825 iungat

41 2835 125 2876 omissis
137 2838 283 2887 intermediis
296 2837 321 2877 77.
336 2838 382 2877 Aci.
368 2839 460 2885 77797
452 2839 518 2877 t.Luc
531 2838 601 2887 27,36;
614 2839 658 2878 Act.
673 2838 728 2886 9,22.
741 2838 799 2878 2377
810 2838 853 2879 Gal.
867 2839 920 2886 l‚l7
961 2852 963 2857 ’

41 2896 80 2938 Sed
89 2912 113 2941 ex
123 2903 194 2943 llatth.
206 2904 254 2952 222
265 2903 346 2955 colligit
348 2915 371 2943 ur
381 2905 437 2943 certo
445 2903 559 2955 Iosephum
567 2905 616 2943 ante
595 2902 701 2955 tefugam
712 2903 848 2944 domicilium
858 2916 922 2945 suum

41 2961 60 3001 in
71 2965 193 3008 Bethlehem
203 2969 352 3018 transtulisse;
365 2980 430 3020 quare
439 2968 498 3009 valde
509 2969 618 3021 probabile
630 2971 662 3009 est
671 2980 721 3009 eum
732 2971 781 3021 post
791 2969 921 3020 purificatio-

40 3036 89 3068 nem
103 3032 192 3072 rediisse
206 3035 311 3074 Nazareth
323 3038 343 3075 et
354 3035 419 3075 rebus
432 3034 461 3074 ibi
475 3035 597 3087 compositis
611 3034 775 3086 transmigrasse
789 3034 920 3084 Bethlehem,

41 3094 62 3130 777
72 3094 111 3135 sibi
121 3099 194 3138 sedern
205 3098 281 3150 figeret
291 3100 389 3140 stabilem
402 3099 435 3153 (77.
448 3098 538 3153 67777777
550 3100 563 3139 l.
576 3099 610 3154 c).

68 3202 92 3244 ln
111 3204 213 3249 versione
227 3218 311 3262 graeca
326 3207 424 3251 Danielis
435 3222 494 3268 quae
508 3210 543 3253 est
555 3207 717 3253 Theodotionis
736 3210 757 3251 et
772 3206 865 3266 quaein
878 3220 921 3250 usu
