2211 3575
411 187 413 191 ’
463 202 539 231 rrnrru.
556 193 575 232 9.
592 192 623 232 at.
753 164 754 167 Ἰ
945 195 983 235 tlt
1050 251 1052 256 ,
1067 244 1069 246 ι

97 293 201 343 rationem
211 292 234 332 id
242 292 285 334 veri
296 293 403 334 continere
411 294 523 343 affirmant,
534 293 591 345 quod
602 293 661 334 lesus
669 292 792 346 cognoverit
799 292 845 334 visa
853 293 923 346 puella
933 304 982 334 eam

97 357 164 397 animi
176 357 293 399 delectione
300 360 481 411 torpereesseque
489 360 560 400 solum
569 358 663 400 similem
673 362 771 410 mortum
782 359 850 411 aliqui
863 358 902 412 (uti
912 359 982 399 Nean

97 423 143 471 der,
156 423 277 476 Berlepseli,
289 401 413 478 nlshausen)
424 425 471 466 'hoc
485 426 562 481 saltem
576 425 694 466 concedunt
709 437 757 465 eam
772 426 819 465 lesu
834 425 981 477 cognitionem

58 494 60 498 ’
96 488 162 529 fuisse
173 491 364 541 supernaturalem.
377 492 480 531 Neutrum
492 501 555 542 posse
566 501 613 530 cum
625 489 749 529 narratione
760 490 867 530 conciliari
881 492 980 543 apertum

97 555 136 593 est.
148 555 197 594 Nam
209 548 338 596 cum'adlu'rc
346 556 367 595 in
376 555 410 596 via
421 547 493 594 essent
503 555 590 594 affertur
599 554 687 594 nuntius
696 554 721 593 de
732 556 801 594 morte
811 555 895 606 puellae
907 554 989 608 (llarc.v

31 646 32 650 ,
97 619 161 671 5‚35)‚
170 631 219 659 cum
226 620 253 660 ad
260 617 349 661 domum
356 619 510 672 pervenissent,
519 619 564 672 iam
572 619 658 659 auditur
666 619 735 659 luctus
741 619 838 660 funebris
845 621 979 671 et-tumultus

96 686 117 724 et
129 696 176 724 cum
186 685 247 726 lesus
259 686 340 726 diceret
349 685 443 737 puellam
452 684 552 733 dormire,
565 684 682 725 irridebant
692 696 749 724 eum.
760 685 824 725 Proin
835 686 894 738 signa
903 685 980 726 mortis

51 754 53 758 ’
96 749 184 791 minime
199 751 265 791 dubia
278 751 353 791 adesse
367 750 514 803 cognoscebat.
528 749 637 801 Originem
651 750 777 790 narrationis
793 751 898 802 explicant
913 752 979 791 etiarn
1000 771 1001 774 =

82 848 83 852 ,
96 825 123 853 ex
133 806 161 855 eo'
168 816 224 866 quod
235 820 248 856 t
258 817 307 868 Reg.
321 816 370 862 432
378 826 422 867 seq.
440 816 466 856 de
479 814 552 856 Elison
566 817 664 855 narratur
676 814 776 866 (Strauss
788 815 977 874 Vollrmarplleiml

95 878 127 919 ita
136 882 159 919 ut
171 892 225 931 quae
237 880 319 921 Eliseus
331 885 376 920 non
384 880 429 920 sine
440 879 510 921 labore
519 880 613 933 quodam
623 882 645 921 et
655 884 731 921 conatu
744 880 835 933 repetito
846 880 977 933 perfecisset,

95 944 156 985 lesus
166 944 240 997 utpute
251 945 377 986 sublimiore
389 948 494 998 potestate
509 946 619 998 praeditus
635 946 715 987 censeri
731 946 808 987 debeat
822 947 905 987 ratione
920 946 978 987 facili
1040 961 1042 964 ⁴

95 1010 210 1062 peregisse.
223 1012 301 1052 Verum
314 1011 385 1053 attale
399 1011 452 1063 quid
465 1012 606 1065 excogitatum
620 1011 697 1052 luisset
706 1012 733 1052 ad
746 1001 793 1052 lesu
802 1012 892 1064 gloriam
904 1011 976 1053 decla-

95 1076 184 1116 randam
197 1073 301 1117 maiorem
314 1088 365 1128 prae
376 1076 459 1125 Enseu*
466 1077 530 1117 etiam
540 1075 663 1117 narraretur
672 1077 800 1117 miraculum
812 1079 919 1128 patratum
928 1088 976 1117 esse

95 1153 146 1181 cum
152 1141 223 1193 aliqua
229 1153 308 1194 pompa
315 1153 385 1182 coram
392 1141 562 1192 universaturha
570 1141 613 1182 iam
621 1144 757 1194 congregata;
767 1143 803 1182 sed
811 1142 864 1193 quid
871 1143 976 1195 legimus?

73 1206 74 1210 ’
94 1218 130 1246 res
140 1207 164 1245 tlt
176 1209 301 1254 secretana
312 1206 402 1258 apostoli
416 1206 505 1258 quidem
517 1218 591 1247 omnes
605 1207 752 1247 admittuntur
764 1210 837 1253 testes,
850 1208 918 1247 solum
931 1211 976 1248 tres

95 1273 191 1323 spectant
199 1271 336 1320 miraculum,
347 1283 408 1312 nemo
419 1283 445 1312 err
453 1272 521 1312 turba.
534 1273 621 1324 Insuper
631 1271 756 1323 parentibus
768 1273 896 1324 praecipitur
905 1284 931 1313 ne
941 1274 977 1313 cui

95 1338 190 1378 dicerent
204 1337 262 1388 quod
275 1338 355 1377 lactum
369 1339 431 1383 esset,
444 1337 506 1389 idque
518 1337 643 1390 gravissime
658 1337 688 1377 eis
700 1336 820 1389 iniungitur
834 1337 904 1390 (Maro.
918 1340 975 1389 5,43.

94 1403 145 1443 Luc.
160 1402 224 1451 856).
240 1402 280 1442 Sed
294 1402 343 1453 quis
358 1413 399 1443 non
411 1401 484 1443 videat
498 1414 523 1443 eo
540 1402 641 1454 narrandi
656 1403 718 1443 modo
736 1414 822 1443 omnem
839 1414 887 1443 cum
902 1403 977 1456 mytho

94 1467 261 1508 similitudinem
274 1467 337 1519 plane
348 1467 446 1507 excludi?
458 1469 481 1507 nt
491 1468 508 1507 si
524 1464 590 1519 aliqui
602 1458 701 1508 asserunt
715 1467 780 1508 fuisse
794 1468 977 1520 exspectationem

94 1544 232 1573 communem
241 1532 293 1581 lore,
305 1536 330 1572 ut
339 1533 422 1572 Messias
429 1533 573 1575 ,resuscitaret
585 1527 680 1573 mortuos
691 1533 783 1585 ideoque
792 1532 900 1573 eiusmodi
910 1534 976 1575 mira·

94 1598 143 1638 cula
152 1609 195 1638 esse
206 1598 274 1638 lesua
284 1597 367 1638 devotis
377 1597 463 1639 asseclis
472 1598 578 1650 adscripta
586 1597 624 1651 (cl,
633 1597 733 1650 Strauss)‚
743 1598 765 1638 id
775 1610 887 1650 perperam
897 1599 918 1638 in
928 1610 976 1639 me·
1040 1618 1042 1622 ·

94 1663 160 1703 dium
170 1663 283 1716 profertur.
293 1663 347 1703 Nam
360 1663 382 1703 in
392 1663 478 1716 scriptis
491 1662 612 1703 talmudicis
628 1666 650 1702 et
664 1663 780 1703 rabbinicis
794 1675 838 1703 non
854 1664 878 1703 tit
892 1664 974 1704 mentio

95 1728 262 1769 resuscitationis
275 1728 407 1779 particularis
423 1729 488 1768 unius
502 1728 623 1776 alteriusve,
638 1728 675 1767 sed
690 1728 854 1768 resurrectionis
868 1729 975 1780 generalis

94 1797 239 1842 mortuorum;
250 1797 317 1845 atque
327 1793 378 1834 haec
391 1794 438 1845 ipsa
451 1794 476 1833 ab
487 1793 647 1844 antiquioribus
661 1792 784 1832 doctoribus
796 1793 918 1834 attribuitur
931 1806 976 1834 non
1020 1816 1023 1821 ·
1059 1817 1061 1820 ·

94 1859 190 1915 Massica,
199 1858 238 1898 sed
245 1860 298 1907 Deo;
307 1859 396 1899 soluma
405 1858 491 1899 saeculo
500 1858 564 1899 tertio
573 1861 622 1910 post
630 1858 666 1898 uh.
675 1858 728 1898 haec
735 1858 840 1910 generalis
848 1857 976 1899 resurrectio

94 1926 139 1965 lieri
154 1923 233 1963 dicitur
245 1935 256 1963 a
268 1923 378 1976 plerisque
391 1935 432 1975 per
446 1924 545 1964 Nessiam
559 1924 592 1963 vel
607 1919 672 1963 etiam
686 1934 725 1975 per
741 1923 808 1963 iustos
823 1924 928 1973 homines,
945 1925 976 1965 uti
997 1971 999 1976 ,

94 1991 155 2030 docet
165 1989 296 2039 Hamburger
306 1989 321 2027 l.
332 1999 350 2028 c.
362 1989 379 2028 ll
389 2001 410 2041 p.
424 2001 445 2041 p.
458 1989 492 2038 983
504 1989 569 2039 idque
581 1988 646 2028 etiam
658 1988 728 2028 elucet
741 2000 765 2028 ex
775 1989 827 2029 locis
839 2001 892 2040 quos
904 1990 976 2030 laudat

93 2054 192 2095 Weber-l.
205 2065 224 2093 c.
235 2065 256 2105 p.
269 2053 306 2093 351
320 2064 363 2105 seq.
375 2056 395 2094 et
406 2053 454 2094 vide
468 2054 504 2093 lta.
516 2055 524 2093 l
535 2054 614 2105 p.,633.
628 2049 694 2099 Quare
708 2064 734 2092 ex
747 2054 871 2094 notionibus
883 2055 975 2095 iudaicis

93 2120 145 2159 haee
154 2118 248 2159 narratio
259 2118 364 2169 originem
372 2130 509 2170 nequaquam
520 2114 597 2159 ducere
606 2118 684 2170 potuit
697 2119 770 2170 Neque
782 2119 874 2159 narratio
886 2119 914 2159 ita
924 2131 974 2172 pro-

92 2181 178 2237 ponitur
186 2186 212 2224 ut
223 2183 263 2223 dici
273 2184 342 2235 possit
353 2195 377 2224 er
387 2186 458 2237 mente
468 2184 602 2224 narrantium
613 2184 637 2223 in
647 2184 743 2224 medium
754 2183 823 2223 afferri
835 2185 904 2225 solum
915 2186 974 2237 sym-

93 2250 166 2291 bolum
177 2251 197 2289 et
205 2249 338 2289 involucrum
345 2240 439 2289 veritatis
450 2249 531 2289 altioris
540 2261 559 2287 v.
569 2260 588 2299 g.
599 2260 639 2300 per
647 2249 694 2288 lesu
702 2249 821 2289 doctrinam
833 2260 869 2289 eos
876 2249 974 2307 advitam
1011 2290 1022 2300 ,

91 2314 183 2356 revocari
197 2313 234 2366 qui
247 2313 327 2354 mortui
339 2314 380 2354 sint
391 2314 540 2365 spiritualiten
550 2313 608 2360 Quod
622 2315 647 2352 ut
658 2313 766 2362 suadeant,
778 2314 845 2364 aliqui
858 2314 974 2354 adnomen

91 2380 144 2421 [uiri
155 2379 212 2431 quod
223 2379 277 2431 apud
287 2379 350 2419 Marc.
363 2382 383 2419 et
391 2380 442 2419 Luc.
455 2379 532 2431 legitur
542 2380 658 2431 provocant
667 2377 723 2429 quod
735 2378 778 2418 soil.
790 2378 896 2430 significet
904 2379 973 2420 uidere

90 2446 155 2499 factet
169 2445 228 2508 (aila,
243 2444 312 2499 Nalm)
322 2444 379 2497 quod
389 2455 468 2485 nomen
477 2443 585 2496 reperitur
593 2440 656 2484 Num.
667 2444 726 2492 aaut
736 2445 757 2483 et
766 2445 826 2484 Dent.
841 2444 888 2493 3,l4
898 2447 919 2486 et
930 2446 972 2486 los.

90 2520 153 2567 laad
164 2520 184 2558 et
198 2519 208 2556 t
221 2518 273 2568 lteg.
286 2517 337 2564 Ἰὶῌ3
352 2517 377 2557 de
391 2516 437 2557 lilio
453 2513 547 2571 llanasse
562 2517 582 2556 et
595 2515 642 2555 lud.
657 2514 703 2563 tO‚3
717 2516 744 2555 de
759 2515 829 2555 iudice
845 2517 937 2567 quodam
954 2521 974 2557 et

90 2584 147 2625 Esth.
158 2584 202 2633 ⁶l‚5;
217 2583 281 2637 etiam
290 2583 347 2634 apud
357 2582 471 2635 losephum
483 2581 518 2635 (de
528 2581 578 2623 bell.
590 2581 636 2621 iud.
644 2572 688 2632 ‘aa
698 2579 718 2633 8)
732 2580 805 2621 Simon
818 2584 841 2621 et
852 2582 919 2631 ludas,
930 2583 973 2624 duc

53 2691 57 2696 ,
90 2651 175 2697 zelatae,
188 2647 227 2687 lilii
240 2647 288 2687 latri
303 2646 393 2700 (Ἷαρείου)
409 2647 556 2688 nominantur.
568 2648 651 2687 Nomen
664 2646 738 2698 itaque
752 2644 807 2693 loiri,
821 2646 861 2686 etsi
874 2658 915 2687 non
930 2648 972 2687 fre-

91 2715 263 2768 quentissimum,
271 2715 344 2752 tamen
352 2712 373 2751 in
380 2725 423 2752 usu
434 2717 483 2753 erat.
492 2714 567 2764 ltaque
578 2724 602 2753 ex
609 2707 698 2752 nomine
708 2711 766 2750 nulla
776 2713 847 2762 potest
855 2711 907 2751 ratio
917 2712 972 2751 deri·

90 2782 135 2822 vari
146 2793 183 2833 pro
195 2779 336 2831 explicatione
344 2789 401 2834 mere
413 2779 539 2829 symbolica.
549 2780 611 2817 Porro
623 2777 658 2816 vix
668 2775 797 2837 cuiquamin
807 2779 903 2816 mentem
914 2778 973 2817 reni-

89 2849 123 2887 ret
133 2849 241 2897 tamquam
251 2848 327 2898 typum
341 2854 415 2885 eorum
428 2843 464 2894 qui
475 2842 614 2895 spiritualiter
624 2841 703 2881 mortui
715 2842 764 2881 sunt
775 2840 866 2893 seligere
878 2844 971 2894 puellam

91 2911 204 2952 duodecim
217 2923 329 2956 annorum,
340 2910 404 2951 tiliam
416 2909 519 2961 principis
536 2918 660 2960 synagogae.
674 2908 696 2947 Et
710 2907 728 2946 si
743 2910 797 2961 esset
811 2908 970 2965 ostendendum

91 2988 153 3030 posse
161 2988 172 3016 a
180 2976 262 3016 Christe
273 2977 354 3017 hauriri
365 2977 430 3016 vitam
440 2974 579 3027 spiritualem,
591 2985 630 3013 cur
640 2972 799 3026 praeciperetur
805 2985 834 3013 ue
845 2974 973 3014 miraculum

90 3045 164 3082 uotum
175 3041 248 3080 fieret?
260 3053 332 3081 nonne
345 3040 520 3094 praecipiendum
531 3041 580 3087 erat,
591 3041 614 3079 ut
625 3039 682 3079 omni
692 3039 759 3079 modo
769 3039 813 3079 eius
825 3039 901 3079 notitia
911 3051 971 3091 spar-

90 3107 186 3161 geretur?
197 3116 268 3157 neque
275 3108 355 3157 patrari
363 3107 438 3148 debuit
446 3118 516 3149 coram
527 3105 661 3159 peritissimis
670 3108 691 3146 et
699 3107 788 3155 secreto,
799 3116 875 3145 verum
884 3104 970 3157 publice

91 3177 113 3214 et
123 3185 191 3214 coram
204 3170 283 3227 ingenti
294 3170 446 3224 multitudine!
497 3188 498 3191 ¹
