2211 3575
470 256 544 287 uxrrn.
562 247 593 295 12,
609 246 641 286 32.
711 270 712 273 =
956 248 993 285 551

105 356 107 358 ·
121 343 219 390 Christus
230 346 284 390 dicit
296 360 301 391 ι
312 337 352 406 qui
362 346 486 390 crediderit
495 349 517 390 et
526 347 652 405 baptizatus
662 345 730 389 fuerit
739 343 815 389 salvus
826 340 931 401 erit„qui
940 354 994 384 vero

120 429 165 459 non
181 417 301 461 crediderit
317 416 504 460 condemnabitur
520 416 593 474 (llare.
607 416 689 475 reae),
705 431 772 459 nemo
785 415 890 459 ultimam
903 416 993 457 senten-

120 486 175 531 tiam
183 488 279 546 explicat
289 502 294 532 ι
303 487 472 546 utplurimum,
483 476 630 545 plerumque,
642 487 689 529 lere
696 500 786 544 semper
793 484 990 539 condemnabitur,
1005 486 1006 489 ’

119 557 155 600 vix
166 572 273 617 unquam
287 557 419 612 salvabitur,
431 554 566 613 difficillime
578 557 709 610 salvabitur,
725 555 851 600 secundum
862 556 992 613 regularem
1028 595 1030 598 .
1071 572 1072 576 ¹

117 635 217 682 cursum,
231 630 268 672 cui
277 632 354 673 tamen
364 628 464 689 exceptio
476 629 525 672 fieri
535 631 615 689 potest,
629 626 829 682 condemnabitur.
842 629 920 685 Neque
931 627 992 685 quis-
1002 617 1007 653 l

119 693 227 758 qnam‘ita
238 694 411 757 argumentatur
424 715 428 746 :
440 714 487 743 non
497 714 574 744 omnes
585 701 624 759 qni
633 699 729 744 credunt
738 701 760 742 et
770 697 878 757 baptizati
886 697 988 751 fuerunt,

118 784 197 815 revera
209 772 264 815 salvi
278 773 356 826 erunt;
375 785 429 829 ergo
440 785 454 814 a
463 771 514 830 pari
527 771 587 814 valet
603 771 626 813 in
643 769 713 813 altero
723 769 828 813 membro
840 784 845 814 ι
859 784 905 813 non
919 769 992 813 omnis

118 841 158 899 qui
169 856 217 885 non
226 836 556 904 credideritcondemnabitur.
566 843 641 900 Atque
651 841 712 884 hisce
721 839 810 883 duobus
820 840 892 883 modis
902 843 991 884 senten-

117 912 173 956 tiam
184 912 248 956 illam
258 928 307 979 uoq
313 913 439 957 remittetur
453 912 505 972 (qua
514 913 613 971 exceptio
623 910 737 970 statuitur)
743 910 869 967 *admittere
880 912 992 970 exceptio·
1009 971 1011 974 r

118 997 169 1027 nem
179 984 245 1028 multi
254 984 351 1044 probare
361 984 462 1039 student,
660 985 661 988 ’

143 1098 173 1136 Ita
189 1099 261 1137 censet
270 1097 298 1137 S„
309 1098 357 1149 Cpr.
375 1088 482 1150 Christum
501 1097 536 1136 illa
552 1096 636 1145 dixisse,
649 1099 672 1136 ut
684 1095 856 1159 magnitudinem
870 1098 991 1137 ostenderet
1016 1112 1017 1115 ¹

117 1162 196 1213 peccati
206 1162 255 1201 etS.
268 1161 397 1213 Epiphanius
409 1161 548 1214 Christnmea
557 1161 579 1200 in
590 1161 696 1209 ¹sententia
708 1160 871 1212 praescientiam
882 1172 942 1201 suam
953 1162 991 1202 hn-

67 1225 73 1231 '
117 1226 283 1278 manitatemque
298 1228 425 1267 monstrasse
438 1238 492 1277 quae
508 1238 581 1266 eorum
595 1227 631 1277 qni
646 1227 694 1277 post
710 1224 866 1277 blasphemiam
879 1227 990 1277 poeniten-

55 1319 56 1323 ,
116 1291 167 1330 tiam
185 1288 327 1342 suscepissent
343 1291 481 1332 stabiliendae
495 1292 556 1331 saluti
570 1291 688 1332 consuleret
701 1290 767 1344 (haer.
779 1292 836 1340 54&
855 1292 882 1331 111,
899 1291 989 1345 111163).
1040 1298 1041 1301 ’

117 1355 218 1395 Similiter
228 1356 302 1395 scribit
311 1356 331 1396 S.
344 1356 415 1405 Paret.
426 1369 432 1396 .·
442 1371 451 1392 «
463 1368 504 1395 non
515 1356 571 1407 quod
581 1368 623 1396 non
632 1356 754 1395 remittatur
762 1355 793 1394 eis
801 1356 849 1395 talis
860 1356 991 1408 blasphemia

117 1421 134 1460 si
145 1423 227 1461 cessent
237 1421 384 1473 blasphemare
396 1422 532 1473 perfecteque·
541 1420 645 1461 voluerint
658 1420 768 1475 poenitere
778 1433 788 1458 r
801 1422 823 1459 et
833 1421 854 1461 S.
866 1420 902 1460 Br.
915 1422 974 1461 addit
985 1435 996 1462 z,

116 1497 158 1525 non
166 1486 294 1536 remittetur,
306 1486 322 1526 si
333 1486 355 1525 in
366 1486 406 1526 hac
415 1486 540 1526 infidelitate
550 1479 690 1538 perseveratis
699 1508 726 1514 -
739 1485 776 1525 sed
785 1486 832 1526 tum
841 1485 922 1542 diceret
932 1487 990 1528 Ghri-

116 1553 161 1591 stus
171 1551 193 1591 id
202 1551 270 1591 solum
281 1550 337 1602 quod
347 1551 372 1590 de
383 1551 441 1591 omni
451 1553 536 1602 peceato
546 1551 603 1602 gravi
610 1546 673 1590 ualet.
687 1550 782 1602 Explicat
791 1550 837 1590 Alb.
847 1563 855 1588 .·
864 1563 906 1591 non
917 1553 990 1594 remit-

116 1618 179 1664 tetur,
194 1626 279 1655 causam
289 1615 460 1656 remissibilitatis
471 1618 492 1654 et
507 1615 660 1666 congruitatem
670 1625 742 1654 secum
753 1626 797 1653 uon
806 1614 881 1665 habet;
892 1617 991 1658 similiter
1020 1645 1023 1648 «

116 1676 144 1720 S(
154 1679 223 1720 Thoar.
236 1692 244 1720 .·
256 1683 359 1732 quantum
373 1683 404 1720 est
417 1681 442 1732 de
455 1691 476 1720 se
491 1679 555 1720 habet
569 1680 670 1719 meritum
681 1681 705 1719 ut
715 1691 758 1720 non
768 1681 900 1731 remittatur,
913 1682 991 1724 dicitur

84 1734 87 1744 ’
115 1745 263 1790 irremissibile
272 1746 388 1786 secundum
395 1756 456 1786 suam
462 1747 567 1792 naturam,
575 1745 597 1784 in
608 1747 709 1796 quantum
718 1744 812 1785 excludit
821 1757 845 1785 ea
853 1757 892 1798 per
902 1759 956 1799 quae
967 1749 990 1790 nt

115 1806 214 1850 remissio
227 1813 372 1862 peccatorum;
386 1802 477 1863 per'hcc
491 1812 562 1851 tamen
575 1822 618 1850 non
629 1809 775 1863 praecluditur
785 1811 820 1850 ria
833 1813 956 1855 remittendi
970 1817 991 1854 et

116 1876 203 1916 sanandi
217 1876 383 1928 omnipotentiae
400 1878 421 1916 et
436 1876 594 1916 misericordiae
611 1875 658 1923 Dei,
677 1886 715 1927 per
730 1886 795 1928 quam
809 1876 922 1928 aliquando
938 1880 990 1920 tales

97 1986 99 1989 .
116 1941 176 1991 quasi
188 1943 306 1981 miraculose
318 1941 454 1992 spiritualiter
469 1944 567 1982 sanantur
581 1940 601 1994 (h
614 1943 626 1981 2
639 1953 674 1992 qu.
687 1942 713 1981 11
721 1943 760 1981 art.
775 1941 803 1995 3).
815 1943 884 1994 Atque
899 1933 991 1986 rostrae

94 1997 98 2003 ’
116 2005 240 2057 simpliciter
249 2006 322 2046 scribit
331 2017 335 2044 ε
345 2017 388 2058 non
398 2006 523 2053 remittetur,
536 2006 581 2046 scil.
594 2006 638 2045 sine
649 2006 781 2057 poenitentia
791 2007 838 2058 (qu.
850 2009 906 2048 61111
916 2012 988 2052 Matth.

115 2083 159 2123 cap.
171 2073 196 2110 ln
209 2070 474 2124 re1·susfinem);sedhoc
489 2071 545 2118 valet
559 2071 584 2111 de
597 2070 671 2122 quovis
686 2065 784 2123 peccator
800 2073 843 2113 Cal.
855 2085 898 2114 non
909 2077 989 2116 remitti

61 2157 63 2160 .
115 2136 145 2175 ait
158 2136 274 2175 secundum
287 2137 406 2188 regularem
419 2147 515 2185 cursum3
528 2135 589 2176 lllcld.
602 2136 631 2175 ita
644 2135 696 2183 dici,
708 2147 751 2176 non
765 2137 821 2188 quod
835 2150 945 2190 nunquam
956 2154 989 2181 re-

114 2201 216 2248 mittatur,
229 2200 265 2240 sed
276 2200 334 2252 quod
345 2201 363 2240 is
373 2200 452 2241 nullam
464 2201 545 2253 peccati
555 2200 632 2241 habeat
645 2201 801 2242 excusationem
811 2202 904 2256 ideoque
916 2209 990 2249 natura

115 2278 153 2305 sua
163 2265 246 2305 veniam
259 2277 302 2305 non
312 2268 426 2307 mereatur.
437 2267 462 2305 Et
473 2265 610 2306 Bellarmlaas
620 2265 654 2318 (de
666 2266 798 2323 poenitentia
808 2267 845 2308 lib.
857 2270 870 2308 1
880 2281 924 2322 cap.
937 2272 970 2325 16)
982 2286 987 2313 :

116 2346 125 2367 a
137 2329 249 2370 dicendum
262 2330 328 2382 igitur
339 2329 456 2382 Scripturas
467 2332 488 2369 et
497 2331 568 2371 Patres
579 2331 648 2372 dicere
661 2334 773 2383 peccatum
783 2332 805 2372 in
816 2333 920 2385 Spiritum
930 2348 988 2378 sanc-

114 2398 160 2435 tum
170 2407 213 2435 non
228 2395 307 2435 remitti
318 2395 366 2448 qnia
376 2395 480 2435 ordinarie
491 2398 512 2435 et
522 2398 545 2435 ut
555 2396 672 2448 plurimum
682 2408 724 2436 non
734 2400 827 2446 curatur,
839 2398 894 2440 sicut
905 2401 930 2441 dc
941 2403 988 2444 aliis

114 2461 205 2513 peccatis
214 2461 316 2501 Dominus
325 2461 354 2500 ait
363 2473 367 2500 z
378 2461 450 2501 omnia
459 2462 545 2513 peccata
552 2465 572 2501 et
581 2461 725 2514 blasphemiae
733 2462 878 2514 remittuntur,
889 2477 931 2506 non
940 2469 989 2520 quia

115 2537 199 2577 semper
208 2529 229 2566 et
238 2526 336 2566 omnihus
345 2526 489 2576 remittuntur,
501 2526 537 2566 sed
549 2527 598 2578 quia
608 2529 632 2567 ut
642 2527 758 2579 plurimum
769 2531 790 2569 et
800 2529 906 2571 ordinarie
915 2534 989 2575 remit-

113 2592 195 2630 tuntur.
207 2589 260 2630 Sunt
269 2594 340 2631 autem
350 2592 403 2631 duae
416 2603 499 2640 causae,
511 2603 548 2632 cur
557 2592 662 2633 ordinarie
677 2587 795 2634 incurabile
809 2595 836 2634 sit
847 2599 957 2646 peccatum
967 2600 988 2640 iu

114 2655 217 2707 Spiritum
226 2657 332 2703 sauctum3
344 2657 441 2707 unaquia
451 2656 530 2697 directe
540 2657 620 2697 resistit
628 2660 648 2697 et
655 2657 850 2710 repudiatgratiam
858 2661 906 2711 uer
915 2675 988 2714 quem-

113 2720 227 2760 admodum
240 2714 258 2758 si
269 2721 440 2771 aegrotus‘nnicc
453 2722 606 2762 medicamento
620 2722 686 2770 curari
698 2725 771 2773 posset
781 2727 801 2763 et
811 2724 863 2763 illud
874 2725 987 2771 admittere

113 2798 155 2840 non
169 2786 241 2833 vellet,
255 2787 310 2825 recte
325 2785 430 2825 diceretur
442 2787 529 2826 morbus
546 2787 592 2825 eins
605 2786 817 2835 incunctancter
831 2790 881 2840 quia
897 2803 945 2833 cum
960 2795 987 2836 sit

113 2853 225 2901 peccatum
236 2862 261 2890 ex
274 2849 365 2897 malitia,
375 2862 418 2889 non
428 2862 453 2890 ex
467 2851 584 2901 ignorantia
594 2852 626 2890 vel
639 2851 772 2900 infirmitate,
784 2853 838 2894 nihil
850 2855 873 2895 in
882 2857 984 2909 sehabet,

114 2914 168 2955 unde
178 2915 211 2954 rel
221 2916 328 2956 modicum
338 2916 430 2956 excusari
441 2915 506 2967 possit
516 2918 537 2954 et
546 2915 635 2967 proinde
645 2916 699 2956 nihil
709 2917 869 2960 misericordiae
880 2926 984 2974 meretum

113 2979 163 3019 hinc
175 2979 231 3018 enim
247 2973 376 3032 apostclnst
390 2980 442 3020 Tim.
459 2981 505 3030 1,13
521 2992 525 3020 :
539 2980 709 3042 misericordiam
724 2987 849 3026 consecutus
862 2998 923 3037 sum,
935 2990 985 3040 quia

113 3047 210 3097 ignorans
221 3044 262 3083 'leci
275 3046 296 3084 in
306 3047 453 3102 incredulitate
465 3062 482 3085 n.
495 3047 565 3098 Neque
583 3046 644 3087 aliter
665 3048 741 3089 scaren
753 3050 767 3089 l.
788 3062 806 3091 c.
821 3051 900 3104 disput.
913 3054 925 3092 8
940 3066 956 3092 s.
972 3056 982 3093 1

113 3123 135 3151 11.
154 3110 179 3150 aa
191 3122 194 3149 ι
207 3111 315 3161 precatum
328 3111 405 3153 dicitur
414 3111 559 3152 irremissibile
569 3113 619 3163 quia
629 3112 800 3155 difficiletollitur
807 3128 831 3156 eo
840 3117 982 3167 quodhomini

114 3176 143 3215 sic
152 3175 254 3228 disposito
266 3175 351 3215 difficile
363 3177 390 3216 sit
403 3189 472 3218 veram
483 3178 632 3230 poeniteutiam
646 3180 757 3231 concipere
770 3184 856 3232 proptr
866 3180 934 3220 cordis
943 3182 990 3235 ob-¹
