2211 3575
365 209 390 237 ou
404 195 551 236 niueua'raun
566 203 682 234 ΕνΑΝῦΕωι,
711 214 712 217 ¹
746 196 747 199 ’
941 191 966 230 15

821 256 827 270 .

84 310 170 356 librum
184 304 325 367 componere
340 291 446 363 potuerit.
464 295 548 345 Deinde
565 301 583 344 si
598 289 632 344 eo¹
642 304 747 364 ternpore
761 302 783 343 et
799 301 883 358 postea·
891 296 965 356 aliqui

84 373 139 427 libri
151 378 259 423 hebraice
269 374 391 434 conscripti
400 376 461 427 sunt,
471 371 496 416 id
506 373 594 416 lactum
605 375 639 416 est
649 374 689 417 aut
701 371 756 430 quia
766 376 868 415 auctores
877 368 965 413 imitari

31 437 33 441 Ι
84 452 191 497 volebant
201 436 274 494 libros
287 460 370 498 sacros,
383 445 477 489 fortasse
487 447 514 488 ut
524 443 571 487 suis
582 443 695 488 maiorem
712 443 876 504 auctoritatem¹
886 439 964 485 conci-

28 566 30 571 .
84 524 174 575 liarent,
186 523 228 565 aut
241 518 295 578 quia
304 531 362 576 opus
370 516 498 560 literarium
507 529 574 559 sensu
590 515 668 559 stricto
678 514 837 559 intendebant.
852 516 963 556 Neutrum
988 530 989 533 ¹

84 598 160 639 autem
175 592 221 636 dici
231 590 318 650 poterit
329 588 356 632 de
371 590 448 631 nostro
465 586 616 644 evangelista.
633 590 703 630 Porro
720 585 834 645 quidquid
846 583 962 642 reliquum

80 669 116 710 est
132 680 158 708 cx
167 663 250 708 verbis
258 659 352 713 Christi,
362 673 410 703 non
419 658 551 703 hebraicam
562 658 603 702 sed
614 659 753 722 arumnicum
763 657 858 700 formam
873 670 928 715 prae
939 670 962 699 se

83 737 134 780 fert.
147 735 210 780 Unde
224 735 285 778 certo
299 729 437 776 concludere
447 729 533 786 licebit,
547 729 671 774 Dominum
684 728 761 788 ipsum
772 728 884 773 aramaice
898 727 962 770 locu-

83 811 131 851 tum
142 801 218 850 esse.¹
460 803 461 806 ’
783 842 787 845 χ
970 808 972 811 ’

111 877 195 921 Eadem
205 864 261 920 vero
269 875 351 932 lingua
359 873 487 918 sinedubio
497 873 567 918 etiarn
579 873 679 932 apostoli
688 873 723 917 usi
734 875 786 917 sunt
795 872 820 916 in
834 869 960 928 Evangelio
1007 894 1009 900 ·

82 948 225 1007 exponendo.
241 945 360 990 Conclusio
376 960 431 1002 ergo
443 944 570 989 obvia‘esse
588 944 687 1000 videtur,
703 946 774 989 verba
787 943 867 988 Christi
878 942 960 987 nonin

82 1019 151 1064 aliam
172 1019 279 1075 linguam
299 1017 328 1061 ab
351 1016 491 1074 evangelista
509 1016 698 1069 translataesse,
719 1019 746 1061 ut
765 1019 842 1075 postea
862 1015 887 1058 in
909 1014 960 1072 ipsa

82 1090 185 1142 doctrina
195 1089 272 1133 denuo
282 1088 308 1132 in
318 1087 457 1132 aramaicam
467 1077 621 1131 verterentur.
632 1113 661 1119 —
671 1087 737 1130 Ratio
748 1090 824 1131 autem
834 1084 959 1136 eunomine

82 1163 133 1204 sesa
143 1160 216 1221 petita
229 1176 277 1210 non
291 1162 324 1205 est
333 1159 476 1218 tameffrcax,
490 1164 515 1202 ut·
525 1159 686 1218 quaestionem
697 1158 797 1202 dirimat.
812 1161 899 1203 Nomen
909 1160 960 1201 erat

81 1232 189 1277 usitatum
203 1236 225 1276 et
241 1231 290 1276 eius
302 1231 439 1288 significatio
449 1230 524 1291 potuit
536 1230 639 1289 supponi
658 1232 720 1284 note,
735 1231 832 1274 maxime
847 1228 958 1274 cumdics

81 1305 190 1364 Honorino
202 1302 312 1363 (eiusdem
327 1302 430 1362 radicis),
442 1302 553 1361 septimus
567 1302 616 1346 dies
629 1302 681 1346 testi
691 1303 848 1361 scenopegiae,
860 1302 959 1360 quotan-

40 1365 41 1368 ¹
80 1375 114 1418 nis
135 1377 199 1418 tanta.
221 1389 275 1419 cum
299 1373 452 1418 sollemnitate
477 1372 643 1417 celebraretur.
664 1399 696 1428 7-
715 1373 814 1417 Tandem
831 1372 959 1418 locutiones

81 1446 193 1505 quaedam
211 1446 281 1504 primi
297 1445 415 1503 Evangelii
431 1445 504 1502 magis
518 1444 547 1489 ad
565 1444 674 1503 linguam
692 1446 831 1489 aramaicam
849 1442 958 1489 accedere

80 1516 187 1561 videntur
201 1517 311 1575 quemad
325 1516 456 1561 hebraicam
475 1516 614 1575 (biblicaml.
630 1516 695 1567 Quod
709 1516 802 1575 quidem
818 1531 897 1560 verum
912 1521 954 1566 est,

81 1592 103 1632 at
116 1603 166 1632 cum
178 1587 259 1645 lingua
269 1586 422 1633 neohehraica
434 1587 512 1632 multis
523 1582 668 1632 aramaismis
680 1587 770 1632 imbuta
783 1588 818 1643 sit,
830 1588 886 1632 haec
899 1588 957 1631 ratio

79 1674 126 1703 non
139 1659 196 1703 tanti
209 1659 278 1703 valet.
297 1659 339 1703 Sed
353 1673 433 1704 omnes
448 1659 546 1703 rationes
564 1659 635 1703 simul
651 1662 756 1719 sumptae
771 1659 845 1717 magis
859 1658 956 1704 suadent

80 1731 139 1774 hanc
149 1729 245 1781 alteram
256 1730 401 1784 seutentiam,
414 1731 450 1774 cui
458 1731 551 1789 plurimi
562 1730 675 1774 accedunt
685 1729 716 1789 (ct
731 1730 795 1775 Zaba
806 1730 853 1785 Th,
870 1730 956 1774 Einlei-

79 1803 148 1858 tung3
159 1806 236 1855 2268,
248 1805 297 1845 276.
312 1827 341 1834 —
351 1800 481 1846 Ceschiehtc
491 1802 530 1845 des
543 1804 643 1846 neutest.
654 1806 744 1846 Kanons
757 1805 890 1857 ‘attS-t‘ttt,r
900 1802 956 1845 Dul-

20 1898 21 1902 =
79 1886 133 1916 aton
148 1873 183 1926 G„
195 1874 234 1917 Die
247 1875 324 1917 Worte
337 1875 391 1918 Jesu
403 1877 466 1927 1898,
482 1877 539 1924 1-16,
556 1874 643 1933 atr-57).

107 1946 271 2000 Argumentaa
282 1943 351 1988 Rescd
366 1944 483 2003 proposita
497 1959 542 1989 non
556 1945 644 1989 habere
656 1945 703 1989 vim
713 1945 835 2004 probandi,
847 1945 956 1990 manifes-

18 2018 20 2021 '
40 2062 42 2066 ι
79 2017 128 2057 tum
142 2018 181 2059 cst.
197 2017 220 2059 Si
231 2017 293 2059 eninr
309 2017 371 2060 lesus
386 2016 475 2075 saepius
486 2015 568 2060 alludit
579 2017 609 2060 ad
624 2017 694 2060 verba
708 2018 869 2070 VTestamenti,
881 2018 956 2061 solum

79 2086 182 2144 sequitur
199 2086 283 2130 notitia
293 2077 405 2146 'perfecta
421 2087 478 2145 legis
491 2090 513 2131 et
535 2089 717 2147 prophetarum3
735 2103 800 2132 secus
816 2089 956 2149 probaretur

79 2157 193 2202 Christum
206 2157 317 2215 hebraice
331 2158 442 2202 docuisse.
460 2159 518 2202 Etsi
534 2158 653 2218 supposita
667 2159 748 2216 lingua
764 2156 956 2220 hebraica'quae-

14 2289 16 2293 Ι
38 2278 39 2281 ¹
79 2228 131 2271 dam
145 2228 213 2272 facile
228 2229 379 2286 explicantur,
395 2229 450 2273 haec
466 2229 502 2272 vix
517 2244 563 2273 non
580 2231 659 2273 minus
677 2230 746 2273 facile
762 2231 841 2275 reduci
860 2235 956 2290 possunt

78 2298 107 2342 ad
119 2298 245 2342 locutiones
254 2297 389 2344 aramaicas.
663 2352 665 2360 ,

109 2372 137 2413 Dc
146 2369 228 2427 lingua
239 2368 407 2433 Commissiolde
418 2373 449 2415 Re
461 2371 546 2415 Biblica
554 2371 580 2415 in
592 2361 691 2416 decreto
699 2387 768 2431 supra
776 2373 869 2418 laudato
880 2387 885 2417 ι

107 2444 133 2485 ll.
148 2443 227 2486 Utrum
244 2441 493 2500 traditionissuffragio
513 2442 566 2487 satis
582 2443 660 2488 fulciri
676 2444 792 2489 censenda
806 2444 834 2490 sit
844 2447 956 2491 sententia

79 2526 136 2569 quae
145 2516 207 2556 tenet
219 2513 357 2557 llatthaeum
370 2516 392 2557 et
405 2517 490 2558 ceteros
503 2515 660 2571 Evangelistas
675 2517 698 2559 in
714 2516 835 2561 scribendo
851 2532 956 2577 praeces-

78 2581 140 2635 sisse,
153 2586 174 2625 et
183 2583 288 2641 primum
302 2584 448 2648 Euangelium
460 2586 534 2645 patrio
546 2601 652 2630 sermone
662 2603 675 2631 a
684 2587 773 2632 ludaeis
781 2588 955 2648 palaestinensi-

78 2649 120 2695 bus
137 2656 190 2696 tunc
207 2655 300 2710 usitato,
323 2652 480 2720 quibusopus
501 2657 562 2703 illud
576 2661 626 2702 erat
643 2658 764 2712 directum,
784 2662 957 2720 conscripsisset
998 2677 1000 2681 ⁴

78 2723 142 2782 Resp.
152 2724 296 2770 affirmative
310 2727 338 2771 ad
349 2733 578 2789 utramquepartem.
594 2730 680 2773 Dorta13
694 2733 760 2775 titt).

185 2887 206 2921 G.
221 2906 245 2911 -
258 2896 281 2921 DE
294 2897 402 2924 ut'nudnurts
416 2900 439 2924 EX
451 2899 536 2925 traunuuu
549 2900 638 2926 OPINIONE
652 2901 689 2927 cun
707 2902 731 2926 ΜΤ
743 2902 845 2928 hartuinus.

108 2999 127 3039 1.
140 2998 171 3040 De
184 2998 312 3057 [lucapello
323 3001 447 3045 scoriadam
455 3002 574 3048 Hebraeos.
590 3004 701 3055 Quoniam
714 3005 777 3063 apud
786 3009 872 3050 veteres
884 3006 955 3066 scrip-

77 3069 137 3111 tores
159 3069 255 3128 ‘saepius
276 3078 351 3114 sermo
371 3073 468 3117 occurrit
488 3073 515 3118 de
534 3074 675 3133 quilmsdam
695 3076 825 3133 Evangeliis
846 3091 904 3136 quae
924 3078 955 3121 ad

78 3138 112 3179 ult
132 3140 302 3197 referebantur,
319 3157 427 3201 quorum¹
439 3159 511 3189 unum
526 3150 649 3206 tamquam
665 3147 824 3191 authenticum
843 3148 955 3192 dldctbccr'
