2239 3511
128 219 129 223 ,
162 168 200 215 lta
502 188 576 218 1111111.
594 179 613 227 1,
626 171 699 217 'dl-25.

160 279 279 336 tamqnam
291 277 327 325 sui
338 277 410 337 ipsius
418 291 556 336 suorumque
569 278 684 321 honorum
694 277 793 334 largitor
803 274 923 321 nobiscnm
937 275 1046 321 uniretur,

162 351 184 391 et
196 348 219 391 in
230 349 266 392 sni
277 348 416 393 consortium
426 349 557 408 redemptus
568 350 699 393 assumeret.
761 339 763 344 ¹

189 418 312 477 Subiungit
324 420 464 477 evangelista
477 419 632 464 obedientiam
647 419 738 477 losepbi
754 419 784 463 ad
797 419 874 478 angeli
886 433 967 464 vocem
979 433 1041 463 eam-

160 504 204 548 que
221 490 378 536 obedientiam
395 491 503 536 describit
518 494 648 551 promptam
671 489 779 549 (Theopb.
798 490 860 551 Ate.)
878 494 901 536 et
915 491 1042 550 perfectam

161 562 215 619 quia
224 562 249 606 id
260 563 312 606 lacit
323 566 345 607 et
355 578 381 608 co
391 563 460 607 modo
471 578 516 623 quo
526 563 555 607 ab
566 563 649 619 angelo
659 561 733 607 iussus
742 565 791 606 erat
804 560 836 622 (S.
849 563 932 606 Pasch.
952 561 1039 620 Thena.)
1084 560 1085 563 ’

160 635 182 675 et
202 634 290 693 accepit
308 634 427 695 contrapent
449 649 515 680 aarum
536 636 551 679 i,
570 650 589 679 e.
607 634 631 678 in
651 648 715 679 snam
736 633 827 696 induxit
843 632 939 677 domum
956 633 1041 691 nuptiis

159 718 223 749 more
240 705 304 750 solito
321 707 454 762 celebratis,
464 723 489 752 ex
505 722 550 767 quo
578 710 680 765 tempore
694 706 775 750 eodem
789 706 814 749 in
825 704 941 749 domicilio
954 703 1041 748 habita-

158 776 222 821 bant.
241 778 276 822 Ad
289 794 310 823 v.
325 782 352 823 25
366 786 388 823 et
403 794 450 823 aori
468 779 616 838 cognoscebat
629 792 678 822 earu
692 780 734 822 etc.
751 778 810 822 bene
820 779 911 837 oportet
921 776 1041 820 advertere

159 849 227 907 qtrale
240 849 356 893 scribendi
366 850 485 895 consilium
499 849 639 906 evangelista
648 852 757 908 sequatur
767 851 789 893 et
799 848 855 907 quid
860 847 911 907 sibi
922 848 947 892 in
960 847 1040 891 limine

157 919 212 964 libri
222 921 387 979 praestituerit.
396 923 474 980 Neque
485 920 553 974 enim,
568 923 593 964 ut
605 919 654 965 aar.
668 923 753 976 monet,
768 921 839 964 vitam
849 920 931 965 Mariae
941 919 1040 964 scribere

158 991 264 1046 intendit,
289 991 329 1036 sed
348 992 442 1036 modum
465 1008 510 1051 quo
530 992 630 1036 Christus
648 990 768 1035 intraverit
786 992 811 1035 in
826 990 1040 1041 mundum.·Quare

157 1062 216 1107 bene
235 1062 290 1107 dicit
304 1064 327 1107 S.
342 1064 420 1108 Brano
436 1078 444 1107 .·
466 1081 477 1105 a
490 1065 537 1107 tota
549 1062 646 1107 intentio
659 1062 812 1121 evengelistae
829 1063 886 1106 haec
897 1065 945 1106 erat
959 1063 985 1106 ut
998 1062 1040 1105 ista

157 1133 255 1179 dicendo
264 1134 338 1179 tilium
347 1136 428 1194 loseph
438 1135 549 1179 Christum
556 1149 603 1178 non
613 1148 659 1184 esse
668 1136 806 1192 monstraret
818 1152 836 1176 n.
846 1136 895 1177 lain
905 1133 933 1177 de
944 1147 1040 1191 concep-

158 1211 182 1250 tu
201 1205 310 1264 virginali
332 1205 386 1250 satis
408 1206 526 1250 constabat
549 1220 574 1249 ex
595 1220 620 1249 re
642 1209 735 1250 narrata
753 1220 777 1250 r.
800 1208 877 1259 18-20‘3
904 1222 914 1245 u
936 1206 962 1248 ut
981 1205 1040 1249 scias

157 1277 229 1335 igitur
246 1277 362 1334 virginem
379 1292 450 1336 usque
469 1277 498 1321 ad
514 1279 606 1337 partum
621 1276 730 1320 intactam
746 1276 824 1332 tuisse,
844 1274 916 1320 donec
931 1268 996 1329 dixit,
1014 1278 1039 1319 ut

157 1363 216 1407 quae
227 1351 320 1408 partum
333 1348 499 1393 antecedebant
515 1348 627 1403 firmaret;
646 1347 708 1407 quod
724 1347 786 1392 enim
802 1347 830 1392 ab
848 1362 873 1391 eo
888 1347 933 1391 tihi
950 1347 1038 1391 discen-

156 1419 211 1463 dum
228 1422 277 1463 erat
292 1420 337 1463 boc
358 1419 421 1473 dixit,
438 1434 521 1478 nempe
544 1418 657 1476 virginem
681 1432 753 1479 usque
772 1419 801 1463 ad
820 1421 913 1478 partum
928 1418 1038 1462 intactam

155 1490 264 1534 mansisse
281 1506 291 1532 1)
312 1489 351 1548 (8..
363 1488 465 1549 Chr·ps.);
484 1490 584 1535 restabat
600 1489 648 1534 scil.
666 1489 726 1533 nihil
742 1490 805 1533 aliud
821 1489 869 1534 nisi
883 1492 910 1534 ut
925 1490 953 1533 de
969 1492 1039 1548 partu

155 1561 265 1618 virginali
278 1560 418 1605 mentionem
433 1562 518 1605 faceret
533 1560 613 1621 (incra.
633 1562 693 1605 lans.
709 1563 762 1604 Bar.
777 1559 851 1620 Spin.)
868 1575 945 1620 neque
955 1560 1037 1609 imme·
1101 1569 1107 1583 ·

154 1632 198 1682 rito
215 1633 321 1677 observat
341 1633 398 1676 Tost.
417 1632 508 1684 llariam
525 1646 572 1676 non
587 1632 693 1676 babuisse
712 1632 756 1676 nisi
770 1646 842 1676 unum
861 1631 936 1675 filium
953 1635 1037 1687 lesum,

154 1704 224 1763 idque
240 1704 267 1748 iis
285 1704 368 1762 quibus
383 1703 468 1747 scribat
483 1703 605 1748 Matthaeus
618 1703 688 1762 plane
701 1707 781 1748 notum
791 1703 870 1758 fuisse
881 1704 980 1761 proinde
990 1718 1038 1748 non

154 1775 288 1834 apparuisse
305 1775 407 1834 aliquam
423 1775 536 1819 rationem
551 1777 575 1818 ut
591 1774 704 1837 diceretur
721 1789 750 1818 an
765 1775 848 1834 Ioseph
861 1777 983 1832 cognosset
992 1779 1037 1819 Ma·
1090 1779 1091 1783 ’

153 1846 213 1905 riam
229 1849 316 1905 postea,
335 1849 453 1905 cumpost
470 1846 582 1890 Christum
595 1847 663 1890 Maria
678 1845 768 1890 nullum
784 1846 919 1906 peperisset.
937 1846 1037 1890 Proinde

154 1918 181 1961 de
194 1918 237 1961 hac
247 1932 280 1972 re,
295 1920 320 1960 ut
336 1916 471 1971 iudicemus,
490 1935 500 1958 u
519 1920 540 1961 et
553 1917 616 1976 quod
630 1932 656 1961 ex
669 1916 734 1961 dictis
749 1916 857 1976 consequi
866 1919 888 1961 et
898 1917 924 1961 in
933 1918 1036 1962 confesso

153 2002 200 2033 esse
217 1988 348 2042 videbatur,
364 1989 405 2032 hoc
419 1988 460 2031 tihi
473 1988 650 2045 intelligendum
667 1987 762 2047 reliquit
781 2008 790 2027 n
806 1992 830 2032 ut
843 1988 872 2032 S:
883 1989 964 2048 Chrys.
981 1988 1036 2034 dicit

153 2063 175 2103 ct
185 2063 235 2118 post
244 2074 297 2104 eum
309 2059 376 2103 Erctla.
391 2058 440 2103 eat.
455 2059 550 2119 altique.

183 2133 337 2174 Protestantes
353 2130 446 2189 quidem
465 2130 528 2174 haud
549 2132 616 2190 pauci
635 2136 720 2188 negant
735 2135 829 2190 propter
844 2132 907 2175 hune
923 2130 1036 2190 loquendi

152 2202 247 2247 modum
263 2202 356 2245 Mariam
373 2202 480 2245 mansisse
501 2201 614 2259 virginem
631 2204 681 2260 post
696 2204 789 2261 partum
807 2202 844 2261 (ci.
863 2201 924 2255 Keil,
945 2202 1033 2262 Weiss);
1071 2240 1075 2245 .

152 2277 174 2318 at
187 2274 224 2317 isti
241 2287 287 2316 non
304 2273 424 2317 attendunt
441 2272 496 2331 qiud
515 2272 559 2316 sibi
577 2272 648 2329 velint
664 2272 735 2318 verba
749 2272 847 2331 Virginis
862 2273 891 2317 ad
906 2274 1034 2331 angelum:

152 2344 268 2404 qrronrodo
293 2344 333 2387 fiet
356 2343 424 2399 istud,
449 2345 557 2402 quoniam
578 2344 652 2388 virum
676 2359 724 2388 non
740 2359 852 2401 cognosco
873 2346 932 2401 (Luc.
958 2346 1035 2403 1,3t)?

152 2416 216 2459 Hisce
234 2419 284 2473 post
299 2415 496 2473 desponsationem
510 2415 599 2459 firmam
612 2429 676 2459 suam
687 2415 788 2459 declarat
800 2416 954 2470 voluntatem,
963 2416 1034 2460 immo

152 2487 318 2539 firmissimam,
334 2485 367 2528 ita
382 2489 406 2528 ut
420 2485 503 2529 honori
514 2500 605 2545 quoque
622 2486 702 2530 matris
711 2486 800 2530 llessiae
809 2486 942 2531 renuntiare
953 2492 1034 2547 parata

151 2558 179 2602 sit
197 2558 270 2617 potius
288 2571 357 2617 quam
378 2557 437 2601 hanc
457 2571 521 2602 suam
542 2556 682 2602 voluntatem
700 2557 873 2602 determinatam
890 2559 1031 2619 relinquere.

151 2634 198 2674 Iam
215 2628 266 2688 quis
283 2628 327 2672 sibi
351 2628 497 2688 persuadebit
515 2625 585 2673 talem
601 2624 715 2689 virginem
730 2634 784 2675 nato
799 2629 847 2674 filio
864 2630 893 2675 ab
911 2646 937 2675 ea
954 2631 1033 2676 volun-

142 2705 196 2745 ·tate
209 2701 345 2750 recessisse?
359 2701 460 2760 profecto
473 2700 518 2745 nisi
534 2701 584 2760 quis
598 2701 706 2760 opinione
723 2702 881 2761 praeiudicata
897 2702 1033 2747 obcaecatus

151 2775 183 2815 cst
201 2771 265 2830 (quia
281 2772 328 2816 vult
350 2771 474 2816 doctrinam
499 2773 609 2817 Ecclesiae
631 2773 755 2818 catholicae
776 2773 935 2831 impugnare),
954 2789 1031 2818 vocem

99 2900 101 2904 Α
150 2842 246 2899 virginis
264 2836 393 2901 :quoniam
412 2843 487 2888 uirum
500 2858 546 2888 non
559 2859 679 2902 cognosco,
696 2859 748 2889 cuni
766 2847 813 2888 tota
827 2844 965 2903 antiquitate
973 2846 1032 2890 iate-

150 2914 212 2957 bitur
229 2913 306 2957 valere
320 2917 342 2958 et
353 2914 498 2966 ,voluntatem
512 2915 629 2960 declarare
644 2931 685 2976 pro
700 2919 747 2959 tota
763 2914 816 2959 rita.
837 2918 958 2961 Praeterea
972 2920 1032 2962 Iose-

151 2986 222 3045 phum
244 2984 309 3028 nullo
326 2989 392 3044 pacto
409 3001 518 3031 ausurum
532 2987 600 3031 tuisse
616 2988 667 3032 iura
684 2985 786 3044 coniugii
803 2988 928 3046 postulare,
949 2988 1032 3033 validis

149 3055 279 3101 rationibus
289 3058 376 3101 veteres
386 3058 504 3102 ostendere
513 3058 625 3103 solebant.
637 3058 700 3102 ltaS.
712 3057 788 3117 Cleops.
799 3074 840 3119 per
851 3075 874 3104 se
883 3059 984 3119 intelligi
993 3060 1021 3104 de
1078 3105 1082 3109 ,
1113 3061 1117 3087 3

149 3129 204 3171 bere
215 3128 282 3172 docet
297 3125 371 3170 virum
387 3120 454 3171 illum
467 3129 552 3173 iustum
561 3143 611 3173 eam
622 3144 680 3187 quac
693 3129 723 3173 sic
740 3134 814 3175 mater
824 3131 904 3175 effecta
914 3132 943 3176 sit
952 3134 975 3176 et
984 3133 1031 3176 tam
