2239 3511
104 230 106 234 ’
175 229 214 271 raa
326 208 329 211 ’
507 223 617 270 111111,
635 223 708 261 16-16,

200 323 276 363 ineius
286 322 317 361 rei
325 321 517 371 confirmationem,
529 333 569 373 qua
579 322 642 362 simul
653 325 803 375 argumentum
814 335 840 362 ex
849 323 935 367 silentio
947 321 1044 375 los'ephil

174 388 309 438 desumptum
321 386 447 436 destruatur,
460 387 585 439 quandoque
598 387 684 428 affertur
694 388 842 443 testimonium
855 379 965 436 Macrobii,
981 389 1047 440 scrip-

172 453 225 492 toris
238 451 333 504 gentilis,
346 451 382 503 qui
397 453 499 493 Saturnal.
513 454 548 500 11
561 452 633 493 scribit
648 464 654 492 :›
667 467 676 489 c
689 465 738 494 cum
750 454 844 494 audisset
855 452 978 508 (Augustus)
993 453 1047 493 inter

173 530 249 570 pueros
263 529 315 569 quos
324 517 346 556 in
356 516 415 568 Syria
426 517 526 565 Herodes,
537 530 572 558 rex
582 518 719 568 Iudaeorum,
729 520 784 559 intra
793 519 898 559 bimatum
909 519 971 559 iussit
981 518 1046 558 inter-

173 583 207 639 fici
221 583 291 622 filium
308 592 393 634 quoque
410 583 454 624 eius
469 583 572 633 occisum,
587 584 616 623 ait
633 595 637 624 :
652 584 730 625 melius
748 588 779 625 est
792 584 882 624 Herodis
898 593 986 635 porcum
1002 593 1046 622 esse

164 639 236 700 'quam
249 648 317 688 filium
333 664 342 685 11
356 641 445 700 (ti-crta,
455 648 481 689 ci.
496 649 561 689 Sclm.
575 649 641 704 1116).
657 641 707 698 Sed,
722 653 745 691 ut
758 650 804 690 iure
817 649 877 690 Patr.
892 661 913 701 p.
928 650 1045 694 euenerat,

175 730 184 751 «
197 725 249 765 quae
260 714 277 753 si
288 714 341 765 quid
350 702 429 755 babent
438 715 552 764 momenti,
564 714 586 756 id
596 716 693 767 nonipsa
706 716 805 756 Macrobii
815 715 929 755 auctoritas
940 714 965 753 iis
975 713 1046 753 eonci-

165 780 221 827 liat,
233 781 306 831 utpote
321 779 358 831 qui
368 791 416 820 cum
425 780 527 820 scriberet
537 782 630 820 extremo
645 780 727 821 saeculo
741 783 816 832 quarto
828 780 925 820 notitiam
936 779 992 818 illius
1002 790 1047 817 cae-

175 840 207 885 dis
216 845 250 884 vel
259 857 270 884 a
280 844 399 885 christianis
407 846 441 885 vel
451 846 476 885 ab
488 845 540 897 ipsis
551 846 664 902 evangeliis
673 847 780 899 accepisse
789 846 835 886 iure
846 845 946 894 creditur,
956 843 993 884 sed
1003 855 1014 883 6
1024 854 1047 883 16

115 909 117 912 ’
175 912 246 949 1166116
259 909 310 949 haec
324 910 401 959 forent,
414 911 435 949 in
450 913 552 961 quantum
566 922 591 950 ex
603 910 628 949 iis
642 914 806 963 consequeretur
817 912 895 950 famam
908 909 1006 950 facinoris
1021 909 1047 948 ab

175 974 257 1014 Herode
268 974 356 1014 admissi
368 975 457 1015 Romam
468 975 570 1027 usquead
582 975 639 1027 ipsas
649 976 738 1027 Augusti
751 988 811 1016 aures
825 976 889 1015 fuisse
901 975 1016 1027 perlatam;
1027 976 1048 1013 at

176 1039 291 1079 Macrobius
303 1039 325 1078 id
335 1039 392 1090 quod
404 1040 485 1080 dixerat
494 1032 601 1092 Augustus
614 1042 665 1080 tunc
678 1040 777 1088 fortasse,
790 1052 839 1081 cum
853 1040 946 1081 Herodes
958 1039 1047 1079 Alexan-

176 1103 236 1144 drum
247 1107 268 1144 et
277 1104 422 1145 Aristobulum
431 1106 486 1145 filios
497 1105 600 1157 supplicio
611 1106 690 1154 affecit,
703 1118 772 1147 errore
784 1107 858 1147 ductus
869 1104 989 1156 composuit
1000 1116 1047 1147 cum

175 1169 263 1209 historia
276 1181 391 1221 puerorum
405 1171 613 1222 interemptorum».
624 1171 648 1210 111
660 1183 685 1211 66
694 1183 717 1211 16
730 1174 786 1212 66116
798 1169 980 1218 61161111661611166
991 1170 1047 1221 quod

156 1287 159 1296 ,
176 1230 293 1275 dicit'inter
304 1235 351 1275 illos
366 1236 465 1287 puerulos
478 1236 543 1275 etiam
559 1236 648 1276 tiliolum
661 1237 750 1277 Herodis
763 1248 809 1276 esse
823 1238 928 1276 necatum.
946 1234 1049 1285 Iosephus

176 1302 243 1340 totam
253 1300 342 1340 Herodis
353 1301 448 1341 sobolem
458 1301 572 1353 diligenter
581 1303 678 1341 recenset
687 1313 755 1353 neque
764 1304 836 1342 tamen
846 1302 871 1341 de
881 1301 918 1340 tali
927 1300 970 1339 lilio
982 1300 1048 1339 ullum
1070 1332 1071 1335 ,

162 1388 163 1393 =
176 1368 264 1418 apparet
271 1365 393 1417 vestigimm
403 1366 489 1419 insuper
497 1367 636 1418 improbabile
646 1369 678 1406 est
686 1366 777 1407 filiolum
785 1368 841 1418 regis
851 1379 874 1406 ea
884 1368 953 1405 aetate
963 1365 984 1404 in
994 1376 1049 1416 pago

177 1442 223 1470 esse
232 1430 334 1470 nutritum
344 1431 441 1483 regisque
451 1431 552 1471 satellites
563 1432 585 1472 in
594 1443 642 1471 eum
652 1443 727 1472 manus
735 1432 839 1473 intulisse.

205 1555 304 1619 Caedem·
312 1555 433 1613 infantium
447 1560 601 1615 perpetratam
621 1556 772 1600 comitabatur
788 1558 888 1600 matrum
904 1555 1009 1614 planctus
1027 1549 1048 1599 et

120 1648 121 1651 ¹
176 1627 282 1671 ululatus.
297 1629 322 1669 ln
335 1641 380 1686 qua
392 1626 554 1672 lamentatione
563 1627 684 1686 impletum
700 1642 746 1672 esse
759 1627 815 1671 dicit
832 1626 971 1683 evangelista
986 1626 1011 1668 in
1026 1641 1047 1693 u.

178 1703 212 1742 17.
229 1702 255 1742 18
266 1698 342 1741 locum
353 1699 459 1756 {eramiae
477 1702 630 1757 31,15,quenr
640 1698 763 1742 secundum
774 1712 866 1742 sensum
881 1697 979 1741 fideliter
991 1697 1048 1740 reci-

176 1772 219 1822 161,
235 1768 267 1812 116
279 1771 356 1812 tamen
370 1771 395 1812 ut
413 1769 504 1826 singula
518 1769 588 1812 verba
603 1783 677 1827 neque
693 1769 722 1812 ad
738 1771 825 1812 textum
843 1768 909 1812 hebr.
927 1782 1001 1826 neque
1020 1767 1048 1811 ad

177 1840 304 1884 versionem
314 1853 421 1896 graecam
435 1842 511 1883 exacte
520 1840 611 1884 referat.
628 1839 653 1883 ld
666 1839 728 1898 quod
737 1840 761 1884 S.
776 1839 839 1883 Hier.
853 1838 883 1883 ad
893 1853 945 1882 eum
955 1842 996 1882 ler.
1012 1838 1048 1881 ‘lo-

177 1926 228 1955 cum
241 1910 336 1954 advertit
346 1909 399 1954 inde
413 1910 550 1955 concludens
563 1910 727 1968 evangelistam
740 1910 765 1955 id
778 1910 840 1969 quod
848 1910 931 1970 legerit
943 1908 1049 1953 hebraice

176 1982 221 2027 suis
236 1981 367 2041 expressisse
380 1982 528 2027 sermonibus.
545 1985 576 2027 Eo
589 1985 665 2026 autem
678 1981 728 2026 loco
742 1982 848 2025 Ieremias
860 1983 920 2024 totus
932 1981 957 2023 in
974 1995 999 2023 66
1016 1984 1048 2025 661

176 2057 201 2097 61
215 2054 306 2097 miseria
316 2043 389 2096 exsilii
398 2053 511 2113 descripta
524 2050 713 2097 instaurationem
727 2049 868 2109 theocratiae
881 2052 918 2095 vel
931 2052 997 2107 regni
1010 2052 1049 2117 Dei

176 2124 296 2182 magnifice
307 2124 438 2185 adumbret,
449 2124 518 2182 idque
528 2126 635 2182 quattuor
645 2124 754 2182 proponit
763 2122 862 2182 strophis
871 2122 951 2165 eadem
960 2122 1047 2166 ratione
1069 2163 1070 2166 ,

176 2195 319 2240 conformatis
331 2208 336 2239 z
346 2194 408 2253 prius
418 2194 480 2239 enim
489 2195 570 2238 vulnus
579 2198 600 2238 et
608 2193 753 2239 afflictionem
760 2197 783 2237 61
792 2193 893 2237 dolorem
904 2188 975 2236 exsilii
985 2192 1047 2237 exhi-

175 2267 214 2311 bet
230 2265 280 2326 (ler.
296 2270 355 2321 30,t.
372 2270 406 2310 la.
422 2271 460 2321 233
476 2265 565 2325 31,15),
581 2265 633 2309 dein
647 2266 821 2324 promissionem
833 2279 859 2309 ac
872 2264 1047 2326 descriptionem

136 2388 137 2392 Ἰ
175 2338 343 2395 instaurationis
362 2337 480 2395 subiungit
494 2337 563 2397 (30,8.
581 2340 618 2391 183
636 2340 707 2391 31,1.
725 2340 753 2381 17
767 2336 834 2395 serp).
848 2338 905 2379 Loco
921 2335 999 2394 itaque
1018 2335 1049 2379 ab
1100 2334 1101 2337 ’

177 2409 314 2466 evangelista
326 2408 417 2453 laudato
431 2408 497 2453 nobis
510 2407 601 2452 exhibet
616 2407 729 2466 propheta
744 2406 840 2459 Rachel,
855 2408 953 2449 matrem
967 2407 1047 2464 loseph

178 2484 199 2523 et
211 2478 329 2523 Beniamin
343 2481 365 2522 et
378 2479 484 2523 dilectam
494 2493 589 2522 uxorem
605 2477 672 2521 Iacob
686 2477 757 2521 flebili
773 2490 828 2521 voce
843 2476 1006 2520 lamentantem
1024 2476 1048 2520 in

177 2554 259 2605 Rama,
275 2549 308 2593 ibi
327 2550 388 2594 enim
404 2549 480 2594 ludaei
503 2549 585 2609 quiin
603 2548 708 2593 exsilium
721 2548 895 2611 abducebantur
913 2549 1048 2605 congregati

177 2626 239 2677 sunt3
255 2622 287 2666 ibi
305 2621 382 2681 itaque
401 2622 469 2666 ruina
489 2621 555 2679 regni
575 2620 686 2680 completa
709 2623 742 2665 est
755 2623 778 2665 61
792 2620 890 2680 populus
904 2618 994 2663 foedere
1010 2619 1049 2662 Dei

177 2696 259 2740 violato
274 2709 286 2738 6
301 2696 362 2738 16116
375 2695 414 2738 Dei
427 2693 518 2738 eiectus,
533 2692 595 2737 Unde
611 2693 713 2752 prolecto
725 2692 865 2752 amplissima
880 2690 964 2734 doloris
976 2692 1048 2733 mate-

177 2768 211 2811 ria
228 2766 311 2811 exsistit
332 2780 401 2825 quam
419 2781 490 2825 aeque
507 2765 609 2823 graviter
630 2779 656 2808 ac
669 2765 756 2823 poetice
775 2763 887 2823 propheta
900 2760 1008 2805 describit
1023 2759 1049 2805 in

178 2837 261 2882 Rachel
277 2837 354 2881 matris
368 2837 458 2896 ploratu
471 2852 530 2896 quae
549 2837 597 2901 scii.
612 2836 723 2896 populum
741 2849 807 2880 suum
819 2834 958 2877 lamentatur
973 2847 987 2875 a
1003 2835 1049 2876 Deo

200 2984 214 3014 1.
226 2980 304 3013 Ceterum
312 2978 392 3019 Iosephus
407 2977 440 3010 ulia
452 2986 520 3019 quoque
533 2975 592 3008 omisit
605 2974 633 3007 vel
646 2972 714 3007 silentio
724 2971 794 3014 pressit;
807 2980 826 3004 ea
839 2969 907 3012 collegit
920 2972 936 3003 J.
946 2971 966 3002 B.
980 2968 1049 3007 01111161

179 3034 245 3068 Omissa
255 3032 320 3064 161166
331 3031 442 3073 1116666116,
452 3031 470 3063 in
478 3031 486 3061 1
490 3055 493 3062 ,
506 3032 524 3062 B,
534 3028 577 3061 0ttii
587 3027 672 3061 animadv.
682 3027 700 3058 in
710 3025 735 3059 Fl.
748 3025 848 3066 Iosephum,
860 3023 970 3066 reperiuntur
980 3022 998 3055 in
1009 3030 1047 3064 opp.

177 3092 210 3123 166,
220 3087 247 3120 ed.
257 3087 361 3125 llavercump
369 3085 384 3115 11
395 3088 403 3116 2
413 3094 429 3126 p.
439 3086 468 3116 305
479 3091 520 3124 scq.;
532 3081 554 3114 cl.
561 3082 612 3122 Keil,
619 3080 640 3113 dc
648 3079 687 3113 aliis
694 3078 734 3112 vide
744 3080 795 3112 Patr.
805 3087 822 3119 p.
832 3081 868 3111 382.
878 3077 923 3111 satis
931 3076 964 3109 iam
972 3076 993 3108 ad
1003 3075 1048 3108 eius-

177 3142 222 3175 modi
232 3139 344 3174 obtectionem
353 3137 409 3170 Sctur.
420 3134 507 3178 respondit
520 3134 594 3168 adducto
607 3134 653 3167 intcr
667 3132 699 3165 alia
713 3132 802 3175 Hegesippi
812 3131 833 3165 de
846 3130 913 3173 loseplri
926 3127 1048 3163 omissionibus

177 3194 280 3230 testimonio.
