2211 3575
343 193 369 222 nn
383 190 456 221 cincun
470 189 527 219 nnrnu
542 188 654 219 nvnucanu.
784 223 787 229 ¹
852 172 853 175 ’
918 179 942 218 13

60 308 127 339 nemo
138 289 311 336 conclusionem
323 273 352 332 de
361 287 443 344 lingua
452 284 570 345 primitiva
579 284 707 342 legitimam
719 283 826 338 habebit,
839 284 862 328 cl
870 286 940 342 Frag-

60 367 165 416 mentum
174 360 354 407 lluratorianurn
363 357 401 418 fel
411 372 463 402 curn
477 356 542 402 mclle
557 361 592 411 67,
608 356 669 416 quod
680 371 694 402 a
704 355 822 416 plerisque
833 354 941 415 primitus

57 451 141 493 graece
158 421 269 493 scriptum
286 446 333 477 esse
348 429 494 490 supponitur.
515 428 600 473 Deinde
613 429 631 472 si
646 428 706 488 ipsas
717 422 848 472 locutiones
865 428 941 472 consi-

60 508 172 561 deramus,
185 507 220 549 rur
236 508 302 559 aaut
319 506 352 547 est
365 500 450 546 locutio
463 515 545 559 graeco
561 503 608 544 tam
621 499 749 553 familiaris,
763 502 789 543 ut
803 515 829 543 ex
844 513 871 543 ea
881 499 950 543 nihil⁴

59 578 142 622 deduci
157 578 235 635 possit.
254 578 288 621 rut
303 577 370 629 16,18
385 575 481 618 nonest
497 572 526 616 ad
541 587 599 625 rem,
615 585 666 615 cum
681 572 705 615 in
724 570 840 615 aramaico
860 571 940 614 eadem

58 662 100 692 vox
108 651 262 706 supponatur;
272 648 306 690 Mt
319 648 356 697 nt,
368 648 396 688 30
409 648 502 701 κὸψῳνται
513 646 535 714 et
547 646 681 700 enarratum
692 640 828 686 immediate
839 655 939 700 sequun—
1001 649 1003 655 ’

58 721 102 774 tur,
112 721 235 778 praeterea
244 721 337 774 atterrat
348 719 383 760 cst
393 715 473 759 allusio
484 729 511 758 ex
521 713 570 759 Zet
578 717 652 769 tato,
665 714 687 757 cl
699 714 734 772 Ap
748 717 794 766 1,7.

58 811 59 817 .
88 788 108 848 β)
119 788 207 833 Maioris
218 786 327 832 momenti
338 801 388 831 esse
398 786 505 831 videntur
516 801 575 845 quae
589 800 615 829 ex
625 783 809 842 allegationibus
821 798 847 828 ex
858 786 939 828 Vetere
996 833 998 836 .

57 862 199 904 l'estamcnto
217 859 370 904 deducuntur.
388 861 434 903 Hae
448 857 511 902 enim
530 857 681 915 allegationes
697 871 746 901 non
762 870 844 900 omnes
858 856 939 899 ecdem

57 931 124 974 modo
138 945 162 973 sc
175 922 264 974 habent
275 931 304 974 ad
318 932 404 975 textum
418 929 554 974 hebraicum
571 927 814 984 Veteris‘Testamenti.
827 927 850 972 Si
860 931 938 972 autem

56 1002 90 1046 tn
98 1001 173 1060 primo
186 1001 296 1046 hebraice
311 1000 409 1060 scriptus
423 1004 487 1055 esset,
503 1000 552 1045 sine
568 991 638 1045 dubio
652 1003 793 1058 argumenta
806 1014 848 1044 sua
858 999 937 1065 omma
981 1017 983 1022 ¹

2 1088 3 1092 ¹
57 1086 83 1115 ex
98 1074 161 1116 textu
176 1072 286 1116 hebraico
304 1071 475 1130 desumpsisset.
495 1076 541 1115 lam
567 1075 654 1129 veteres
673 1071 697 1115 in
717 1072 778 1115 hanc
794 1085 843 1115 rern
859 1070 938 1130 inqui-

37 1139 149 1187 ''sierunt
168 1146 227 1187 Haec
247 1142 316 1186 statui
331 1146 436 1201 possunt.
457 1145 517 1193 Quae
534 1144 568 1186 Mt
587 1145 614 1186 et
634 1144 671 1186 Mr
692 1142 825 1189 communia
839 1142 934 1197 babent,

56 1213 183 1270 generatim
200 1212 311 1271 leguntur
329 1214 354 1257 in
377 1214 450 1263 forma
471 1213 583 1257 versionis
598 1213 767 1269 alaxancb‘inae.
788 1200 863 1258 Antei
880 1228 935 1258 verc
973 1261 975 1263 ,
1009 1227 1010 1231 ¹

1 1284 4 1344 ξ
55 1285 89 1327 m
107 1287 239 1338 rena-raa
257 1288 337 1339 ,acan
360 1281 440 1340 caanv
459 1288 534 1339 erac.
552 1286 586 1328 un
606 1288 672 1339 rara
690 1284 822 1343 genantim
841 1274 935 1344 quidem

56 1369 107 1397 cnm
121 1357 158 1398 Mr
171 1356 296 1399 concordat
311 1355 336 1399 in
356 1355 438 1399 ordine
457 1359 536 1417 contra
558 1359 644 1400 textum
663 1370 782 1412 graecum,
801 1355 842 1400 sed
859 1357 937 1414 quoad

55 1426 141 1469 textum
155 1422 203 1469 non
214 1426 308 1479 omnino
322 1426 436 1483 congruit.
454 1428 489 1471 llll
502 1431 568 1481 2237
587 1426 612 1471 in
630 1427 744 1486 aliquibus
758 1442 772 1471 a
785 1428 822 1471 Mr
840 1427 934 1482 recedit,

55 1499 150 1554 uterque
169 1496 194 1539 in
210 1497 316 1555 pluribus
336 1512 350 1541 a
369 1500 431 1542 textu
450 1498 607 1543 alexandrino.
631 1499 695 1544 Idem
713 1498 839 1543 dicendum
856 1498 885 1542 de
901 1500 936 1543 Mt

2 1577 14 1627 i
40 1568 239 1624 neasletanus.
279 1568 281 1571 ’
416 1611 417 1615 ,
826 1615 828 1619 ,

84 1638 143 1685 erae
150 1638 185 1680 Mt
193 1637 301 1681 cum'solc
311 1639 330 1680 L
339 1639 554 1692 communiahabet,
563 1641 691 1686 secundum
700 1642 831 1685 versionem
840 1643 934 1686 alexan-

0 1699 11 1753 [ξῖ
55 1704 144 1748 drinam
167 1706 284 1762 leguntur,
309 1712 349 1752 aut
368 1708 387 1752 si
405 1709 435 1752 ab
455 1710 501 1753 ,hoc
522 1713 583 1754 textu
604 1711 722 1765 differunt,
742 1712 815 1756 etiam
836 1727 850 1756 a
871 1717 934 1758 textu

0 1793 20 1831 -s
53 1774 160 1819 hebraico
172 1776 289 1831 differunt,
304 1778 327 1821 cf
337 1779 372 1821 Mc
382 1781 447 1833 t,10;
462 1783 541 1833 11‚lo.

83 1845 144 1889 Unde
163 1851 252 1891 constat
271 1849 305 1892 Mt
321 1848 346 1892 in
364 1849 502 1907 quibusdam
518 1851 611 1909 quidem
631 1852 813 1909 allegationibus
833 1857 933 1914 perfecte

53 1916 191 1960 concordare
213 1932 265 1962 curn
284 1920 317 1961 Mr
335 1922 375 1963 aut
388 1922 413 1976 L,
434 1921 475 1965 sed
493 1936 540 1965 non
557 1921 581 1966 in
598 1923 711 1977 omnihus,
727 1924 760 1969 ita
776 1929 802 1970 ut
823 1941 871 1970 non
888 1927 932 1972 dici

53 1979 127 2043 possit,
140 1988 175 2032 Mt
184 2002 294 2044 graecum
304 1989 442 2049 simpliciter
452 1991 585 2051 dependere
597 2008 611 2037 a
621 1996 659 2038 -Mr
672 1999 694 2039 et
704 1997 728 2039 L.

1 2049 3 2054 ⁴
81 2060 111 2100 lta
121 2071 180 2115 quae
190 2059 225 2102 Mt
238 2059 299 2103 solus
310 2061 387 2116 habet,
402 2077 450 2106 non
464 2063 542 2107 eadem
557 2064 646 2109 ratione
656 2080 679 2110 se
692 2067 787 2112 habent.
803 2070 839 2112 Mt
854 2074 933 2123 raut-

53 2132 79 2172 15
102 2131 130 2188 et·
148 2132 216 2183 nidd
237 2132 365 2189 sequuntur
386 2135 474 2177 tentum
500 2134 683 2189 alexandrinum.
703 2139 736 2182 lllt
759 2143 811 2193 133
833 2142 933 2186 eandem

2 2233 3 2236 ,
52 2198 180 2242 versionem
199 2201 315 2259 supponit,
335 2202 444 2260 sednon
468 2205 560 2249 omnino
586 2222 637 2251 curn
660 2223 686 2252 ea
713 2211 844 2254 concordat.
868 2213 932 2257 Aliae

52 2267 200 2325 allegationes
210 2271 348 2331 plerumque
362 2278 494 2333 supponunt
508 2279 594 2320 textum
609 2278 752 2333 hebraicum,
763 2281 796 2324 ita
811 2287 891 2327 autem
908 2288 932 2328 ut

51 2339 120 2382 verbe
131 2339 210 2398 aliquo
223 2341 293 2385 modo
307 2357 319 2386 a
332 2344 435 2388 versione
450 2345 600 2392 alexandrina
613 2353 721 2407 suggesta
735 2366 784 2396 esse
798 2352 928 2400 videantur.
940 2390 942 2394 ,

0 2435 7 2478 3
51 2410 84 2452 tn
101 2413 166 2463 13‚35
181 2412 259 2470 quoad
273 2413 373 2471 priorem
387 2418 477 2474 partem
494 2419 597 2477 sequitur
613 2423 701 2465 textum
715 2435 836 2478 graecum,
853 2427 931 2485 quoad

49 2478 146 2524 alteram
161 2481 305 2529 hebraicum.
321 2488 415 2531 Tantum
429 2488 463 2531 lllt
478 2493 530 2542 8,1·'l
549 2493 571 2534 et
582 2493 635 2545 229
653 2493 743 2537 nullum
761 2497 838 2541 textus
854 2499 932 2555 graeci

0 2556 5 2593 ἰ·
51 2549 171 2606 vestigium
180 2553 290 2610 produnt.

0 2676 2 2691 ἰ
80 2620 176 2665 Proinde
191 2638 270 2668 verunt
287 2629 326 2680 est,
339 2621 408 2672 llltin
425 2630 472 2674 suis
490 2631 668 2689 allegationibus
684 2637 774 2693 graccis
792 2654 841 2683 non
858 2656 930 2686 unum
955 2679 956 2682 ,

50 2692 135 2734 textum
145 2706 201 2751 prae
211 2709 234 2738 se
244 2696 313 2741 terre.
328 2701 389 2749 Quae
398 2715 466 2745 causa
475 2702 503 2746 sit
513 2704 638 2759 varietatis,
656 2721 704 2751 non
713 2708 779 2754 facile
791 2710 931 2769 explicatur:

0 2773 29 2815 χ
51 2760 91 2837 Sed
107 2776 159 2805 cum
178 2765 239 2809 lacta
255 2781 330 2826 neque
349 2784 375 2813 er
394 2773 430 2815 Mr
448 2772 496 2817 solo
510 2789 586 2833 neque
602 2791 628 2820 er
644 2779 662 2821 L
680 2793 754 2838 neque
768 2780 850 2841 aliquo
867 2784 930 2829 fonte

52 2842 116 2906 unico
126 2833 193 2878 nobis
206 2840 259 2880 noto
273 2839 415 2887 sufficienter
429 2844 539 2903 explicari
554 2847 647 2905 possint,
662 2852 821 2898 conclusiones
838 2870 851 2898 a
868 2856 930 2899 criti·

51 2912 81 2942 crs
98 2899 209 2948 deductae
224 2913 303 2953 carent
315 2910 475 2959 fundamento.
487 2918 641 2976 Improbabilc
652 2926 728 2966 etitem
741 2929 842 2979 nonest,
859 2926 930 2971 inter-

0 2971 5 3028 t
51 2973 139 3047 pretem
155 2986 265 3028 graecum
282 2981 351 3026 etiam
368 2983 392 3028 in
414 2985 593 3044 allegationibus
613 2991 691 3051 aliqua
709 2995 797 3040 ratione
817 2997 938 3043 initurum

51 3038 148 3086 aliorum
165 3046 345 3102 Evangeliorum
363 3055 468 3112 subiisse,
488 3059 521 3103 ita
538 3064 617 3105 buren
638 3068 662 3108 ut
682 3080 708 3109 ea
727 3082 775 3111 non
793 3069 931 3128 simpliciter

0 3148 2 3183 3
50 3115 137 3157 secutus
148 3113 185 3169 sit,
196 3116 236 3159 sed
245 3121 320 3176 potius
330 3128 418 3171 textum
426 3142 493 3173 aurine
507 3131 608 3177 reddere
620 3139 714 3181 conatus
726 3139 755 3182 sit
