2211 3575
395 289 396 292 Ἰ
461 232 536 271 narra.
553 231 572 280 8,
589 229 621 269 tt).
950 229 987 269 3it

103 329 170 375 lsrael
182 332 271 376 tantam
281 329 395 376 invenisse
406 331 475 376 fidem
484 346 488 387 ;
498 346 564 376 nemo
575 330 622 375 scil.
635 345 661 374 ex
668 329 739 375 lsrael
749 328 859 375 aChristo
870 332 934 374 tanta
941 328 987 373 fide

103 401 244 447 sanationem
250 398 319 462 'petiit
327 406 413 463 quanta
421 404 459 447 hie
468 402 533 463 petiit
540 401 642 457 centurio
652 402 722 461 (Tost.
733 401 810 463 Bor.);
821 416 878 460 ergo
886 405 986 460 eousque

103 487 169 517 nemo
184 477 314 518 occurrerat
326 474 413 519 Christo
422 474 469 534 'qui
481 477 544 518 tanta
556 474 601 518 fide
611 472 751 517 beneficium
765 473 870 518 sanitatis
882 470 985 533 postula-

103 546 137 588 ret
147 546 169 587 et
179 544 236 589 adeo
247 544 369 608 sublimem
379 546 407 589 de
418 544 500 589 Christi
510 544 612 603 petentia
620 543 738 587 notionem
749 540 854 589 haberet.

128 638 169 679 hlii
181 643 254 681 autem
266 642 372 693 explicant
384 632 454 680 Iesum
469 650 539 679 revera
552 651 594 679 non
609 650 655 678 esse
671 638 781 688 miratum,
797 639 834 679 sed
850 640 894 694 diei
907 640 985 681 solum-

103 704 166 744 modo
177 707 202 745 ut
211 718 250 746 nos
259 706 388 746 miraremur
395 701 419 744 vet
429 703 486 756 quod
498 704 524 744 ad
535 703 624 744 modum
637 703 732 743 hominis
742 703 840 759 mirantis
852 705 935 746 locutus
948 704 983 743 sit,

102 770 125 809 ln
135 782 201 822 quam
212 764 341 812 sententiam
352 768 375 809 S.
386 768 440 823 Atro.
451 769 566 826 concedere
574 768 658 809 videtur
669 767 763 809 scribens
776 780 780 808 :
793 784 802 806 a
814 770 911 822 quisquis
920 769 985 810 mira-

102 838 142 884 tur,
154 836 252 887 profecto
265 831 571 876 secundumconsuetudinem
585 829 627 885 qua
639 834 739 874 homines
753 835 873 886 loquuntur
886 835 984 886 inopina-

101 903 148 940 tum
164 902 229 952 atque
244 900 385 952 improvisum
400 900 440 940 sibi
456 911 501 941 esse
516 900 619 952 significat
633 900 691 952 quod
706 899 808 950 miratum
824 900 861 940 sed
875 902 935 941 lesus
948 899 985 951 qui
1033 932 1034 935 ,

102 965 174 1006 omnia
183 965 316 1018 praesciebat
324 965 381 1018 quod
391 965 511 1006 mirandum
522 966 569 1006 aliis
577 965 743 1006 commendabat
752 965 851 1006 mirando
862 966 962 1007 laudabat
972 981 982 1002 s
1041 964 1042 968 ’

100 1026 184 1084 (contra
197 1031 344 1072 adversarium
356 1031 409 1083 legis
420 1034 441 1071 et
454 1031 529 1084 proph,
542 1033 585 1079 t,7;
600 1030 628 1070 M.
638 1026 722 1084 laena)
735 1033 756 1071 et
769 1030 819 1071 alibi
830 1043 834 1070 z
848 1047 858 1068 a
872 1031 983 1072 admiratio

101 1108 174 1155 revera
184 1097 211 1137 de
225 1097 289 1137 rebus
303 1097 416 1149 insperatis
428 1096 485 1137 nasci
499 1097 575 1136 solet...
588 1097 645 1147 quod
659 1097 717 1137 enim
729 1097 821 1137 miratur
831 1097 934 1138 Dominus
942 1108 982 1136 no-

100 1163 149 1209 ster,
160 1162 222 1202 nobis
237 1162 359 1202 mirandum
375 1173 420 1201 esse
436 1161 540 1213 significat
551 1161 629 1213 quibus
641 1161 712 1201 adhuc
726 1164 759 1201 est
773 1173 827 1214 opus
843 1162 872 1202 sic
888 1163 980 1211 moveri3

100 1238 175 1267 omnes
186 1238 236 1279 ergo
241 1227 296 1282 tales
307 1230 380 1267 motus
388 1227 434 1267 eius
446 1238 488 1266 non
497 1226 614 1278 perturbati
623 1226 689 1265 animi
699 1229 749 1266 sunt
760 1227 827 1278 signa,
838 1227 876 1266 sed
886 1227 982 1268 docentis

99 1290 218 1344 magistri»
234 1290 268 1346 (de
284 1292 360 1333 Genesi
375 1295 448 1333 contra
463 1292 551 1332 Manich.
568 1292 608 1341 l,8.
626 1292 660 1340 143
673 1290 701 1330 M.
716 1293 749 1341 3l,
765 1291 819 1345 180).
832 1293 900 1344 Atque
915 1291 981 1332 Motd.

100 1357 187 1410 quidem
196 1358 256 1398 illam
267 1357 431 1409 explicationem
442 1370 466 1399 ex
475 1357 563 1398 scientia
570 1356 732 1409 experimentali
742 1357 836 1408 petitam
842 1369 885 1397 non
895 1357 981 1409 probat,

101 1439 111 1459 a
127 1422 266 1475 experientia,
281 1423 360 1475 inquit,
376 1435 418 1463 non
431 1426 503 1475 potest
516 1422 680 1463 admirationem
694 1422 770 1462 afferre
785 1423 812 1462 iis
828 1423 864 1473 qui
878 1423 983 1474 quidquid
1048 1454 1050 1458 .

100 1488 239 1540 experiuntur
255 1488 327 1529 animo
342 1491 537 1541 praesumpserunt,
553 1487 673 1528 cuiusmodi
690 1487 799 1528 Christum
816 1487 883 1528 tuisse
900 1490 982 1528 certum

99 1555 130 1594 est
141 1566 162 1603 »3
175 1566 241 1606 quare
253 1556 315 1605 putat
329 1553 436 1594 Christum
449 1554 521 1593 mirari
532 1553 580 1603 diei,
592 1552 646 1608 sicut
659 1553 722 1593 irasci
737 1553 822 1594 dicatur
834 1554 902 1602 Deus;
919 1569 928 1590 a
939 1565 982 1593 non

99 1619 156 1671 quod
165 1631 242 1660 revera
254 1618 366 1668 irascatur,
379 1619 415 1659 sed
430 1619 487 1670 quod
501 1619 575 1670 puniat
588 1618 644 1670 quod
654 1618 754 1671 homines
765 1619 814 1658 irati
827 1618 897 1659 tacere
911 1619 981 1659 solent

98 1685 128 1725 sic
138 1684 234 1725 Christus
247 1684 336 1724 miratus
349 1684 432 1732 dicitur,
444 1696 486 1724 non
500 1684 556 1736 quod
569 1684 666 1732 miratus,
679 1683 716 1724 sed
730 1684 788 1735 quod
802 1684 928 1724 admodum
938 1684 980 1723 mi-

98 1750 163 1790 rantis
174 1749 269 1790 hominis
279 1749 363 1789 locutus
374 1743 403 1788 sit
412 1742 430 1787 »ζ
440 1751 466 1789 xt
478 1749 619 1789 communiter
627 1751 700 1789 tamen
712 1749 767 1789 duce
777 1749 797 1789 S.
810 1748 892 1789 Thema
904 1750 980 1790 docent

98 1815 191 1868 theologi
200 1815 223 1854 in
234 1814 317 1854 Christo
328 1826 353 1854 ex
362 1814 451 1854 scientia
462 1814 623 1866 experimentali
634 1813 802 1854 admirationem
813 1813 880 1854 fuisse
891 1826 935 1855 non
946 1826 980 1854 so-

97 1882 141 1921 lum
154 1883 272 1929 externam,
284 1881 321 1920 sed
334 1880 399 1935 etiam
415 1880 522 1920 internam
536 1879 571 1934 (et.
589 1877 611 1918 S.
628 1878 645 1918 T
645 1878 699 1924 leem.
714 1880 726 1918 3
742 1891 779 1931 qu.
797 1881 823 1919 lb
840 1882 879 1919 art.
896 1881 918 1930 83
935 1878 979 1919 Cot.

98 1945 182 1994 Seerez,
194 1946 220 1986 de
231 1945 387 1994 lncarnatione,
398 1945 452 1998 disp.
462 1945 488 1985 34
498 1948 548 1985 sect.
560 1944 607 1985 3ad
618 1947 657 1984 art.
669 1945 689 1985 S.
702 1944 762 1997 Th.);
772 1957 843 1997 neque
853 1944 910 1984 enim
921 1945 980 1985 Chri·
991 1969 993 1974 ›

97 2014 147 2059 stus,
160 2008 223 2052 ut'ait
233 2009 294 2062 Bor,
306 2023 329 2051 se
340 2010 440 2051 admirari
449 2011 520 2060 tinxit;
530 2011 579 2051 vide
591 2012 646 2051 Tost.
659 2023 696 2062 qu.
708 2010 735 2049 34
744 2010 766 2049 in
777 2022 822 2063 cap.
835 2011 854 2049 8.

123 2078 174 2117 Cum
184 2077 279 2117 Christus
290 2076 346 2116 dicat
355 2088 397 2115 aaa
407 2075 477 2132 tenent
487 2078 526 2116 ete.
535 2076 735 2130 certe-comparatio
744 2087 787 2115 non
796 2077 820 2115 fit
831 2087 879 2116 cum
889 2078 930 2117 fide
941 2089 978 2129 pa-

96 2141 237 2182 triarcharum
250 2141 357 2182 abraham
372 2143 410 2182 etc.
425 2153 494 2194 neque
506 2137 555 2181 cum
567 2141 608 2181 tide
621 2142 706 2181 Ioannis
720 2141 832 2193 baptistae,
843 2142 979 2183 beatissimae

95 2207 193 2259 Virginis,
206 2207 243 2247 sed
258 2207 389 2259 comparatio
404 2207 529 2247 declaranda
539 2210 570 2247 est
584 2218 609 2246 ex
621 2206 785 2256 rei‘adiunctis;
799 2218 850 2258 ergo
858 2208 884 2247 ab
895 2209 979 2259 incepta

96 2272 171 2312 Christi
182 2271 341 2323 praedicatione
352 2283 394 2322 qua
405 2270 481 2325 peracti
495 2272 592 2311 tidem'in
602 2283 624 2311 se
638 2273 731 2311 excitare
746 2271 846 2311 studebat
860 2275 882 2311 et
895 2273 978 2313 ratione

94 2337 167 2394 habita
178 2348 253 2377 eorum
263 2336 301 2388 qui
311 2348 405 2388 eousque
415 2337 442 2376 ad
452 2336 556 2377 Christum
565 2339 696 2376 accesserant
706 2336 788 2387 aliquid
799 2337 898 2377 beneficii
906 2340 978 2390 postu-

95 2403 170 2450 lantes.
185 2402 254 2449 Quare
270 2402 333 2441 etiam
349 2402 494 2453 quaestionem
509 2414 573 2453 quam
587 2402 653 2453 aliqui
667 2401 880 2456 operoseragitabant
892 2404 977 2443 mittere

94 2479 221 2520 possumus,
237 2467 292 2508 sitne
307 2468 360 2508 fides
374 2467 503 2508 centurionis
516 2467 584 2508 maior
600 2467 641 2507 tide
659 2467 818 2520 apostolorum,
832 2468 976 2521 Magdalenae,
1043 2490 1045 2493 >
1076 2458 1077 2461 ¹

94 2533 185 2573 Marthae
199 2536 239 2573 etc.
250 2532 347 2573 Advertit
362 2531 457 2572 Testatos
470 2545 505 2584 qu.
520 2534 545 2573 35
559 2533 580 2573 in
594 2545 639 2585 cap.
653 2534 681 2573 8:
695 2548 705 2569 «
719 2533 805 2584 quando
818 2533 927 2585 protertur
939 2535 978 2575 ali-

94 2598 151 2651 quod
161 2598 241 2638 dicturn
251 2598 380 2649 generaliter
389 2599 514 2639 affirmative
525 2599 558 2638 vel
566 2599 671 2650 negative,
683 2598 807 2639 extenditur
815 2599 886 2639 solum
897 2600 923 2640 ad
932 2612 977 2652 per-

94 2675 154 2704 sonas
165 2674 291 2704 communes
302 2663 328 2703 de
339 2664 417 2715 quibus
426 2666 497 2716 potest
507 2664 552 2704 dari
563 2664 649 2716 aliquod
661 2676 736 2704 verum
745 2658 876 2716 generaliter
884 2677 909 2705 eo
921 2666 977 2716 quod

93 2729 141 2770 illae
156 2729 236 2770 habent
251 2740 317 2769 unum
333 2728 422 2768 modum
437 2730 469 2770 vel
484 2730 595 2781 aequalem
610 2730 665 2769 vitae
682 2732 703 2770 et
717 2729 856 2780 perfeetionis
874 2745 892 2769 ».
910 2731 976 2778 Quare

94 2795 156 2835 etiam
171 2794 243 2835 omitti
259 2797 328 2847 potest
342 2793 431 2834 aliorum
447 2794 558 2845 explicatio
577 2794 641 2834 fidem
657 2794 791 2835 centurionis
807 2794 891 2835 laudari
907 2792 987 2837 solum‘

92 2861 286 2915 proportionaliter,
299 2860 348 2912 quia
363 2860 407 2900 scil.
421 2871 486 2912 parva
500 2860 552 2899 fides
567 2860 589 2899 in
604 2859 690 2900 homine
705 2858 780 2911 gentili
795 2860 864 2901 maior
879 2862 977 2904 videatur

93 2925 155 2978 quam
171 2926 285 2978 magnoin
299 2925 400 2974 Israelita,
417 2915 478 2965 sicuti
492 2936 555 2976 parva
569 2924 658 2965 scientia
673 2926 695 2965 in
709 2930 779 2977 puero
795 2927 862 2978 magis
878 2928 977 2970 laudatur

93 3002 156 3042 quam
167 2991 243 3030 eadem
252 2991 274 3037 in
284 2992 340 3042 viro;
354 3007 364 3029 «
375 2992 398 3031 in
407 2992 489 3032 modico
500 3002 597 3031 sermone
611 2991 728 3043 sapientiae
739 2992 832 3033 rusticus
843 2993 975 3045 plus'lauda-

93 3059 126 3096 tur
137 3067 202 3108 quam
209 3055 233 3094 in
242 3066 319 3106 magno
329 3057 480 3109 philosophus;
492 3057 593 3108 quoniam
602 3057 709 3098 rusticum
719 3057 791 3098 dicere
801 3057 883 3110 aliquid
894 3047 975 3113 sapien·

92 3123 123 3160 ter
136 3132 238 3172 magnum
252 3122 290 3168 est,
302 3120 455 3174 philosophum
470 3124 541 3162 autem
555 3122 624 3162 dicere
641 3125 751 3176 sapienter
766 3135 810 3164 non
825 3126 858 3164 est
870 3125 949 3172 mirum
964 3140 972 3160 n

92 3185 133 3239 (op.
144 3185 215 3239 torp.),·
225 3184 275 3226 vide
286 3186 343 3236 quod
352 3184 419 3227 Saea.
429 3191 480 3227 tom.
493 3189 505 3227 e
515 3192 576 3229 tract.
588 3189 620 3235 hs,
630 3187 689 3242 lotas,
699 3188 751 3229 Bar.

369 3251 527 3289 llxxrranmoaarx
538 3258 605 3291 blarru.
617 3258 630 3290 l.
642 3276 663 3284 -·
674 3261 698 3292 13.
