2239 3511
184 142 209 181 ld
433 170 435 175 v
449 155 488 185 >DE
501 155 574 185 alueus
589 156 645 185 PRIMI
660 150 777 185 EVANGELH.
805 133 806 138 =

180 269 182 273 ·
214 249 234 308 b)
251 251 356 293 laternae
374 249 482 306 rationes,
501 250 583 309 quibus
601 251 692 294 traditio
713 247 807 296 externa
825 243 994 310 comprobetur,
1011 266 1059 296 non

184 320 291 374 eyincunt
299 319 393 378 quidem
400 323 435 364 Mt
442 320 550 380 primitus
560 321 787 381 hebraicescriptum
796 337 851 378 esse,
862 323 955 367 sednon
964 314 1056 367 desunt.

183 390 323 435 Potissimum
335 406 360 436 ex
369 391 450 436 indole
461 395 483 436 et
498 392 544 437 fine
555 392 673 451 Evangelii
687 393 797 438 suadetur
807 396 840 438 Eo
851 397 929 454 utpote
939 394 966 438 iu,
977 393 1059 438 Pulue-

183 463 243 506 stina
258 465 280 506 et
291 477 331 522 pro
347 459 556 508 Palaestinensibus
576 465 695 524 scriptum,
707 463 732 508 in
749 463 831 510 eorum
847 465 926 524 lingua
942 464 1057 524 composi-

183 538 230 579 tum
244 537 429 579 &saltereiensis
442 538 512 580 verba
524 536 599 594 angeli
614 543 704 590 καλέσεις
717 544 739 582 rb
753 535 815 593 ὄνομα
827 541 884 583 αὐτοῦ
900 537 983 594 Ἰησοῦν·
997 541 1058 590 αὐτὸς
1089 591 1092 596 ¹
1116 541 1117 544 '

183 606 221 663 γὰρ
244 606 300 649 σώσει
320 612 350 650 c‘cr
367 610 419 650 aser
439 609 497 651 αὑτοῦ
520 607 557 651 ἀπὸ
576 613 613 669 σῶν
631 611 731 666 ἁμαρτιῶν
749 610 812 652 αὐτῶν
829 608 866 653 Mt
884 611 934 664 131
950 607 987 651 vix
1008 606 1057 651 sine

181 675 370 735 interpretatione
388 681 402 721 a
422 677 534 737 scriptore
556 692 637 735 graeco
659 677 729 722 allata
748 681 828 723 essent.
849 680 949 723 Fortasse
975 677 1057 722 eadem

182 747 270 791 ratione
294 747 443 793 diiudicanda
468 752 521 793 sunt
541 750 610 794 rerba
635 753 684 809 punct
705 751 739 794 Mt
757 754 821 805 5,22;
839 755 956 804 βεελζεθούλ
976 752 1054 803 10,26;
1097 750 1117 793 st

183 823 469 879 βαριωνᾷ16,17;κσρὸανᾶς
488 825 548 875 27,6.
562 822 590 865 At
603 815 655 866 cum
671 821 756 865 similia
771 821 796 865 in
813 821 864 866 aliis
878 836 969 881 quoque
982 823 1056 864 Evan-

181 889 247 946 geliis
258 894 385 944 occurrant,
397 886 572 951 haeeexempla
583 895 604 936 et
615 892 662 947 alia
673 892 759 936 similia
768 908 826 951 quae
839 893 937 952 proferri
951 896 1053 952 possunt,

181 973 228 1004 non
240 975 346 1018 magnam
359 961 408 1005 vim
421 962 536 1021 probandi
549 962 641 1007 babent.
656 963 700 1007 Sed
709 963 734 1007 id
746 963 826 1007 saltem
838 963 967 1016 ostendunt,
981 965 1055 1006 totam

181 1030 441 1077 nostram'traditionem
464 1035 618 1091 evangelicam
637 1048 684 1078 esse
700 1034 899 1094 palaestinensem,
917 1033 1053 1096 semiticam,

181 1102 223 1146 etsi
238 1118 285 1148 non
299 1104 465 1159 demonstrant,
480 1105 541 1165 ipsos
554 1105 623 1151 libros
636 1106 717 1163 lingua
731 1107 835 1150 semitica
848 1121 895 1152 esse
906 1105 1052 1164 conscriptos.

260 1265 279 1304 ⁶2.
297 1263 391 1313 Quaestio
407 1254 503 1318 spectatis
518 1264 543 1305 de
559 1264 629 1318 tinpuu
643 1262 739 1305 hebreice
756 1271 793 1305 uret
811 1266 922 1306 arentum.

209 1393 276 1433 Porro
295 1389 313 1434 si
326 1390 453 1449 obseritur,
471 1390 562 1449 qualem
582 1390 688 1454 linguam
709 1393 797 1436 veteres
819 1391 982 1446 intellexerint,
999 1405 1053 1437 cum

179 1460 259 1505 volunt
276 1461 361 1505 librum
376 1476 425 1506 esse
438 1461 547 1506 hebraice
565 1463 724 1522 conscriptum,
743 1478 791 1507 non
805 1454 907 1508 omnium
925 1466 958 1507 est
971 1453 1053 1507 eadem

157 1534 162 1540 '
179 1532 297 1577 sententie.
315 1535 406 1577 Veteres
419 1532 513 1595 quidem
525 1533 633 1577 videntur
643 1548 721 1578 omnes
739 1534 851 1591 cogitasse
865 1534 892 1579 de
907 1533 987 1591 lingua
999 1549 1067 1586 ara-A

178 1603 259 1658 maica,
276 1618 334 1662 quae
349 1618 375 1648 eo
391 1607 496 1664 tempore
512 1604 537 1648 in
551 1605 678 1649 Palaestina
693 1605 797 1662 vulgaris
813 1611 868 1649 erat.
884 1609 961 1665 Neque
977 1606 1052 1650 obstat

130 1674 132 1677 ’
177 1676 228 1735 ipse
243 1675 353 1720 terminus
366 1680 441 1735 ἑὸραΐδι
457 1671 561 1735 testeam.
577 1679 648 1721 Certo
659 1676 721 1721 enim
740 1680 827 1722 constat
843 1677 939 1734 eundem
952 1678 975 1720 in
988 1680 1052 1722 Novo

118 1754 121 1759 ‘
179 1749 320 1789 testamento
340 1748 362 1789 et
377 1746 439 1805 apud
455 1745 575 1805 scriptores
592 1746 653 1791 illius
664 1747 779 1806 ¹temporis
796 1747 882 1806 passim
899 1746 1005 1791 adhiberi
1016 1746 1052 1790 'ad

178 1816 340 1875 designandam
361 1817 466 1874 linguam
486 1818 555 1861 etiam
576 1819 702 1875 vulgarem„
717 1833 765 1862 non
785 1807 969 1872 sacramsolam‚
988 1819 1011 1862 cf
1031 1820 1051 1862 Α
1089 1863 1090 1866 ,

178 1893 256 1943 mua
271 1892 334 1943 aaa
346 1892 426 1943 coum
438 1890 454 1931 J
462 1891 511 1943 aa,
524 1893 603 1945 1a133
618 1893 695 1943 19‚1r;
709 1894 788 1944 19,ao;
802 1889 893 1949 (aona.

207 1958 394 2026 Quare'quaestio
408 1959 466 2003 haec
479 1974 506 2003 ex
517 1959 565 2003 aliis
578 1959 675 2003 oriteriis
693 1959 803 2004 solvenda
814 1960 863 2004 erit.
877 1960 920 2004 Sed
931 1960 1051 2004 fatendum

177 2033 217 2085 est,
234 2033 294 2074 certa
311 2034 447 2088 argumenta
463 2030 500 2074 vix
516 2033 643 2090 suppetere.
661 2031 702 2082 Qui
718 2032 752 2075 Eu
766 2031 849 2088 lingua
863 2046 926 2075 sacra
941 2031 1052 2076 hebraica
1117 2041 1119 2044 ’

176 2102 287 2160 scriptum
303 2116 349 2145 esse
364 2102 453 2156 volunt,
470 2102 530 2146 inter
542 2117 597 2161 quos
610 2102 745 2154 nominandi
757 2106 810 2159 sunt
821 2104 916 2162 Selrcpp,
935 2102 1051 2147 Delitsscb

176 2173 266 2227 Fraus„
287 2174 368 2227 Belser,
386 2173 464 2229 Rescb,
480 2172 573 2232 Scbloql
589 2175 627 2230 N.,
646 2177 774 2232 provocant
790 2174 819 2218 ad
837 2173 1011 2218 similitudinem
1029 2178 1051 2217 et

176 2244 353 2303 dependentiam
370 2245 488 2304 quandam
505 2259 635 2290 sermonum
649 2239 747 2289 'Domini
761 2261 774 2289 a
796 2245 951 2290 locutionibus
964 2247 1051 2290 Veteris

176 2316 319 2370 Testamenti,
339 2316 369 2360 ad
389 2307 482 2369 facilem
506 2315 680 2375 explicationem
702 2331 774 2375 quam
792 2317 916 2361 locutiones
935 2318 1049 2376 quaedam

124 2400 126 2404 ’
176 2387 329 2446 discrepantes
350 2390 374 2431 et
391 2402 534 2445 synonymae
557 2387 736 2445 Evangeliorum
757 2391 888 2432 nostrorum
912 2394 1050 2446 graecorum

175 2458 285 2512 habeant,
298 2458 338 2503 ubi
356 2459 458 2518 primum
477 2474 503 2502 ex
519 2459 635 2503 communi
648 2459 763 2504 locutione
781 2459 890 2504 hebraica
905 2459 1048 2504 deriventur.

175 2529 210 2574 Sic
220 2530 288 2575 Reselr
302 2529 428 2590 (Agrapba,
444 2530 512 2590 cass).
529 2530 572 2574 Alii
582 2531 748 2591 provocant-,ad
761 2545 841 2574 vocem
853 2532 917 2575 testu
931 2531 1050 2579 cumseius

135 2620 136 2623 ¹
174 2601 363 2660 interpretatione
375 2601 465 2646 saluum
478 2602 556 2659 faciet.
575 2604 629 2645 Cum
645 2603 708 2645 enim
727 2617 811 2646 nomen
828 2606 880 2647 lesu
894 2618 920 2646 er
939 2602 1049 2646 hebraico

176 2672 290 2717 derivetur
306 2676 328 2717 et
345 2674 394 2718 eius
410 2672 476 2717 radix
493 2672 579 2716 insola
597 2668 675 2730 lingua
691 2673 809 2725 hebraica,
827 2688 872 2716 non
894 2673 919 2717 in
932 2674 1050 2735 aramaica

174 2743 302 2797 usuveniet,
314 2745 389 2802 angeli
400 2741 472 2788 rerba
487 2744 603 2788 insinuant
616 2744 755 2789 locutionem
769 2744 910 2789 hebraicam.
926 2744 970 2789 Alii
979 2760 1049 2804 prae·

174 2819 235 2859 terea
260 2818 343 2873 urgent
368 2815 559 2860 consuetudinem
584 2830 636 2859 usus
663 2815 759 2873 linguae
784 2816 905 2861 hebraicae
933 2817 959 2860 in
982 2815 1049 2861 libris

108 2880 111 2885 ’
175 2885 300 2933 doctorum.

204 2956 355 3003 Nihilominus
365 2959 438 3003 altera
446 2958 569 3012 sententia,
580 2974 637 3018 quac
646 2959 741 3003 assumit
749 2960 783 3003 Mt
793 2974 841 3003 esse
850 2959 960 3018 scriptum
968 2959 1050 3017 lingua

173 3028 262 3086 uulgari
277 3029 397 3084 arnmaica,
413 3030 505 3074 videtur
521 3029 612 3074 omnino
628 3030 780 3090 praeferenda
790 3045 844 3074 esse.
866 3030 968 3074 Dubitari
985 3032 1048 3077 enim

173 3104 255 3159 potest,
273 3115 328 3164 num
341 3101 431 3145 auctori
445 3100 527 3159 lingua
545 3101 651 3146 hebraica
666 3105 714 3146 tam
727 3101 848 3146 familiaris
859 3101 935 3157 tuerit,
947 3102 1007 3147 utin
1020 3116 1048 3145 ea
