2239 3511
118 227 159 273 'als
468 239 545 269 narra.
562 231 581 277 θ,
597 229 655 268 3-ίο.

122 335 163 375 rari
177 333 229 373 vult.
244 334 270 372 ht
284 344 304 372 ν.
321 331 344 384 li
362 341 409 372 esse
424 329 565 383 separandum
578 341 590 369 a
603 328 780 382 praecedentibus
794 331 875 370 veteres
889 331 933 372 iam
949 334 1002 375 hene

121 399 281 451 perspexerunt.
292 396 396 437 Audiatur
404 407 423 437 ν.
432 408 451 448 g.
460 394 483 436 S.
493 394 639 449 Aupurttuus:
650 409 660 431 ιι
672 396 720 434 sunt
727 397 800 434 autem
810 405 882 435 omnes
892 395 945 437 istae
956 402 1001 439 octo
1021 443 1023 446 ,

122 464 249 511 sententiae3
261 462 373 503 tamenim
388 449 457 502 cetera
469 460 600 513 compellans
610 460 706 512 loquitur
715 459 741 499 ad
752 459 801 500 illos
813 460 848 512 qui
862 460 958 511 aderant,
971 464 1002 503 di-

121 541 170 570 cens
181 540 185 567 :
196 528 251 568 leoli
261 527 341 568 eritis...
352 527 474 579 superiores
485 529 557 567 autem
567 526 684 567 sententias
694 525 821 578 generaliter
831 525 947 578 dirigebam
958 540 1002 569 non

122 595 178 635 enim
191 594 245 634 dixit
257 605 261 633 t
273 594 328 634 beati
341 603 447 645 pauperes
461 593 544 644 spiritu,
558 592 661 644 quoniam
674 593 767 632 vestrum
782 593 814 631 est
827 603 917 644 regnum
930 594 1001 634 coelo-

121 671 168 700 rum
179 675 188 696 ν
199 662 252 707 ete.;
263 659 361 699 similiter
371 658 421 698 Aac,
431 657 487 698 ίιιαό.
505 656 575 698 Tironi.
588 657 643 698 Tost.
653 660 692 698 etc.
702 656 802 697 Doctrina
815 657 872 697 enim
880 654 1000 710 'generatim

120 726 230 778 proposita
240 726 264 765 fit
274 726 296 765 in
306 737 324 765 v.
336 726 361 765 tt
373 735 418 777 seq¹
431 723 530 777 specialis
540 724 654 776 applicatio
666 726 687 763 et
696 722 823 778 adhortatio,
835 723 884 775 quia
898 734 999 776 persecu-

121 792 187 831 tiones
203 791 309 832 sustinere
324 793 344 831 et
359 790 445 830 difficile
464 792 497 829 est
514 791 535 829 et
551 789 645 829 instabat
658 788 685 828 iis
702 789 737 841 qui
756 788 838 829 Christo
858 789 1001 831 adhaerebant

122 856 156 909 (ct.
167 858 226 897 ioan.
237 851 300 909 thur).

135 921 219 962 illerito
231 921 303 971 itaque
316 921 380 974 louge
391 920 485 973 plerique
500 921 594 960 retinent
607 922 656 960 octo
670 920 812 961 beatitudines
826 932 870 975 esse
885 933 1000 962 numeran-

121 987 163 1028 das.
175 987 248 1038 Neque
262 987 330 1026 obstat
342 986 397 1025 ratio
411 997 435 1026 en
448 986 559 1026 sanctitate
572 986 658 1025 numeri
673 986 787 1037 septenarii
801 985 935 1043 deprompta.
948 989 999 1028 Nam

120 1064 145 1091 en
155 1064 178 1092 eo
193 1052 252 1103 quod
264 1051 302 1092 iste
316 1062 420 1092 numerus
434 1062 491 1091 sacer
505 1054 591 1091 estnon
606 1051 703 1102 sequitur
718 1061 768 1091 eum
783 1050 860 1091 dehere
875 1052 954 1104 ubique
968 1053 999 1092 in-

119 1117 195 1168 venti·i;
206 1117 257 1157 dein
271 1117 334 1158 etiam
343 1128 459 1157 numerum
473 1116 607 1157 octonarium
617 1115 709 1167 mystice
717 1127 782 1168 posse
795 1117 946 1167 commendari,
957 1118 999 1158 iam

119 1182 210 1223 ostendit
222 1180 244 1222 S.
256 1181 308 1235 ΑαμΙ
321 1183 395 1223 dicens
406 1184 503 1223 octavam
513 1182 641 1222 sententiam
652 1181 766 1233 significari
777 1183 865 1222 fortasse
876 1184 896 1222 et
907 1183 998 1223 eircum-

119 1248 196 1288 cisione
207 1251 281 1288 octavo
295 1247 328 1302 die
340 1250 362 1287 et
371 1248 456 1287 Domini
470 1248 627 1288 resurrectione
642 1249 690 1298 post
703 1247 819 1287 sabbatum
833 1248 869 1299 qui
883 1248 911 1287 sit
924 1249 998 1299 utique

119 1316 203 1355 octavus
217 1313 315 1364 idemque
324 1313 409 1365 primus
422 1312 467 1353 dies
481 1315 503 1352 et
516 1312 658 1353 celebratione
672 1315 795 1352 octavarum
809 1312 909 1353 feriarum
924 1316 946 1353 et
959 1325 998 1354 nu·

119 1389 177 1418 mero
193 1379 240 1430 ipso
257 1380 399 1426 Pentecostes
417 1393 427 1414 ιι
444 1390 484 1430 quo
502 1378 537 1418 die
553 1378 630 1418 missus
649 1380 680 1417 est
695 1378 786 1429 Spiritus
803 1380 896 1426 sanetus,
916 1379 998 1430 quoin

118 1454 207 1494 regnum
224 1443 333 1483 coelorum
350 1443 447 1483 ducimur
464 1445 485 1482 et
502 1443 643 1482 hereditatem
658 1442 773 1494 accipimus
790 1444 810 1482 et
825 1443 961 1484 consolantur
978 1449 998 1486 et

117 1509 223 1560 pascimur
233 1511 254 1548 et
266 1507 436 1560 misericordiam
446 1508 598 1558 consequimur
608 1511 630 1548 et
643 1507 773 1548 mundamur
784 1510 804 1547 et
817 1505 954 1560 pacificamur
966 1514 997 1551 at-

118 1586 158 1625 que
169 1574 197 1613 ita
207 1573 296 1625 perlecti
307 1585 383 1613 omnes
394 1572 525 1613 extrinsecus
536 1573 602 1613 illatas
613 1573 723 1614 molestias
733 1584 772 1624 pro
784 1574 872 1615 veritate
884 1577 905 1615 et
915 1575 997 1617 iustitia

117 1628 249 1679 sustinemus
263 1654 272 1674 υ
285 1638 306 1691 (i.
318 1651 335 1679 c.
349 1637 391 1691 th).
401 1641 426 1678 Et
439 1629 693 1679 seditiosissimorum
706 1638 763 1678 hunc
777 1639 876 1679 declarari
891 1643 940 1680 octo
954 1641 996 1681 illis

116 1704 214 1756 gradihus
229 1704 308 1755 quihus
321 1704 377 1756 apud
392 1699 526 1744 Ezechielem
542 1704 668 1744 ascendatur
682 1703 703 1743 in
717 1704 830 1757 spirituale
842 1717 866 1746 ac
879 1707 996 1757 mysticum

117 1769 220 1821 templum
233 1769 273 1822 (En.
286 1767 353 1821 togati
362 1770 384 1808 et
394 1769 502 1809 observari
514 1769 578 1808 etiam
588 1781 599 1808 a
608 1769 630 1808 S.
641 1769 703 1809 Petro
712 1769 748 1820 qui
760 1764 955 1822 describatquibus
964 1783 995 1812 re-

117 1836 156 1874 bus
166 1834 229 1874 rachis
244 1833 378 1874 ministretur
388 1830 488 1873 introitus
502 1834 525 1873 in
538 1837 649 1874 aeteruum
664 1846 752 1887 regnum
767 1835 852 1875 Domini
864 1836 933 1876 nostri
947 1838 995 1878 Iesu

116 1899 191 1940 Christi
204 1911 208 1939 :
222 1899 338 1939 ministrate
345 1898 421 1939 in'iide
430 1902 499 1939 vestra
509 1899 616 1948 virtutem,
628 1899 650 1938 in
660 1899 736 1939 virtute
747 1902 819 1940 autem
828 1900 942 1942 solentiam
954 1905 993 1944 etc.

117 1964 136 2017 (θ
147 1965 199 2004 Petr.
213 1965 246 2012 ht
258 1964 317 2015 seq).

365 2071 381 2118 b)
395 2073 450 2116 Quid
463 2082 478 2107 a
491 2071 539 2107 suis
553 2072 632 2115 exigat
645 2074 741 2117 5‚11-1ss.

139 2182 186 2221 5,ίί.
205 2181 260 2214 Beati
277 2180 329 2221 estis,
349 2189 391 2214 cum
411 2181 541 2215 maledixerint
587 2181 636 2221 5,ίί.
662 2178 743 2225 λίααόμοί
767 2178 803 2214 ἐστε
826 2181 865 2215 όταν
888 2180 991 2219 ὀνειδίσωσιν

114 2240 166 2274 vobis
177 2243 195 2273 et
203 2242 297 2283 persecuti
306 2249 340 2274 uos
351 2239 420 2273 tuerint
430 2244 448 2273 et
459 2241 541 2274 dixerint
561 2236 601 2284 ὑμᾶς
614 2237 643 2272 καλ
655 2236 733 2278 διώξωσιν
747 2237 777 2273 καὶ
790 2237 856 2274 εἴπωσιν
873 2241 905 2276 παν
919 2242 991 2289 πονηρόν

114 2309 167 2334 omne
175 2300 252 2333 'malum
267 2300 367 2334 adversum
380 2308 415 2333 vos
427 2300 540 2334 mentientes
561 2298 597 2333 καθ’
610 2298 658 2344 ὑμῶν
670 2298 766 2346 ψευδόμενοι
780 2299 833 2334 ἕνεκεν
846 2299 891 2345 ἐμοῦ,
910 2304 937 2338 12.
952 2301 991 2348 χαί-

113 2361 188 2402 propter
207 2367 245 2401 me,
264 2359 290 2394 12.
307 2359 389 2401 gaudete
406 2362 424 2393 et
440 2359 538 2400 exsultate]
562 2369 596 2402 ρετε
614 2356 643 2392 ααλ
663 2357 771 2404 ἀγαλλιᾶσθε,
792 2359 817 2393 ότι
835 2359 844 2392 ὁ
867 2361 925 2406 μισθὸς
943 2361 989 2408 ὑμῶν

114 2420 201 2461 quoniam
219 2426 291 2452 merces
306 2421 370 2453 vestra
388 2420 461 2460 copiosa
478 2419 507 2453 est
521 2419 540 2451 in
561 2415 611 2456 πολὶις
627 2415 644 2450 ἐν
661 2416 695 2457 τοῖς
711 2416 793 2462 σθμανσῖς·
808 2416 858 2457 οὕτως
873 2417 905 2465 γὰρ
924 2417 991 2459 ἐδίωξαν

114 2477 178 2517 coelis;
190 2479 218 2511 sic
227 2478 276 2509 enim
286 2478 379 2520 persecuti
389 2478 430 2510 sunt
438 2478 540 2520 prophetas
561 2474 598 2514 τους
610 2475 694 2521 προφήτας
706 2475 742 2516 τοὺς
755 2475 785 2522 apt
797 2474 842 2522 ὑμῶν
854 2479 881 2515 13.
894 2482 942 2525 ὑμεῖς
955 2478 991 2514 ἐστὲ

113 2538 144 2579 qni
160 2536 237 2571 luerunt
249 2538 292 2570 ante
307 2544 347 2569 ros.
362 2535 389 2569 13.
401 2536 439 2569 Vos
451 2536 497 2569 estis
513 2536 540 2569 sal
561 2534 580 2569 ιθ
593 2533 634 2574 ἅλας
648 2536 676 2578 τῆς
690 2536 726 2583 γῆς·
741 2534 770 2569 ἐὰν
783 2534 801 2570 δὲ
813 2536 831 2571 τό
845 2535 885 2578 ἅλας
902 2539 988 2585 μωρανθῇ,

113 2602 177 2632 terrae,
197 2596 252 2637 Quod
272 2598 288 2630 si
303 2597 330 2630 sal
348 2596 451 2637 evanuerit,
465 2597 486 2629 in
503 2604 539 2639 quo
562 2592 577 2629 ἐν
590 2593 623 2629 τίνι
637 2593 749 2639 ἁλισθήσεται;
765 2594 787 2636 εἰς
804 2594 849 2631 οὐδὲν
863 2596 917 2645 lapda
932 2596 962 2643 ἔτι,
977 2596 990 2630 εί

112 2657 198 2692 salietur?
210 2657 234 2690 ad
246 2657 323 2691 nihilum
338 2657 390 2690 valet
403 2656 457 2698 ultra,
468 2657 507 2690 nisi
519 2656 540 2689 ut
562 2652 582 2700 μὴ
600 2652 661 2700 βληθὲν
677 2652 706 2695 ἔξω
721 2657 852 2691 καταπατεῖσθαι
865 2656 896 2692 ὑπὸ
910 2660 943 2692 τῶν
959 2656 989 2691 όν-

111 2718 194 2750 mittatur
203 2716 254 2750 toras
266 2718 284 2749 et
292 2716 410 2750 conculcetur
420 2716 442 2749 ah
456 2716 538 2750 homini·
560 2714 636 2761 θμώπων.
654 2715 681 2749 ll.
694 2715 740 2762 ὑμεῖς
750 2713 787 2750 ἐστὲ
799 2714 818 2749 τὸ
830 2719 863 2762 ’,σῶς
875 2719 904 2751 τοῦ
918 2716 987 2764 κόσμουΙ

112 2778 151 2810 hus.
165 2776 190 2809 ll.
200 2776 240 2809 Vos
250 2777 295 2809 estis
304 2777 335 2810 lux
346 2775 420 2816 niundi;
430 2785 467 2810 non
475 2778 539 2818 potest
560 2773 578 2807 οίι
591 2773 660 2809 δύναται
672 2773 718 2815 πόλις
730 2774 811 2821 αμυόῆναι
824 2774 877 2811 ἐπάνω
893 2776 943 2823 νόμους
955 2788 988 2810 aa·

112 2837 175 2869 ciuitas
191 2835 280 2869 abscondi
298 2844 355 2879 supra
371 2838 452 2869 montem
468 2837 536 2878 posita,
561 2834 606 2881 μόνη,
624 2836 651 2869 15.
666 2832 701 2868 οὐδὲ
714 2834 787 2868 καίουσιν
801 2833 862 2883 λύχνον
875 2835 904 2870 aui
917 2836 987 2870 τιθέασιν

113 2896 209 2937 lanaque
220 2895 322 2928 accendunt
331 2896 427 2929 lucernam
437 2898 455 2929 et
464 2898 538 2937 ponunt
560 2893 608 2928 αθτθν
619 2892 652 2927 aaa
665 2892 693 2928 τόν
705 2890 772 2940 μόδιον,
784 2882 823 2926 αλλ’
832 2894 858 2929 ἐπὶ
867 2894 897 2937 τὴν
911 2894 986 2939 λυχνίαν,

111 2963 151 2987 eam
161 2954 195 2987 sub
206 2954 274 2993 modio,
286 2954 318 2987 sed
330 2963 388 2996 supra
398 2954 536 2996 candelabrum
559 2953 585 2987 καὶ
598 2952 661 3000 λάμπει
673 2954 725 2987 πόσιν,
736 2953 773 2993 τοῖς
786 2952 802 2987 ἐν
815 2956 835 3001 τῇ
850 2954 900 3001 olata·
918 2956 945 2991 16,
960 2951 988 2987 ot·

111 3016 130 3048 ut
140 3014 201 3047 luceat
211 3013 297 3046 euntibus
307 3015 338 3055 qui
348 3014 369 3046 in
378 3014 432 3047 domo
442 3015 495 3055 sunt;
509 3014 536 3048 is.
559 3024 589 3052 τως
606 3011 689 3058 λαμψάτω
704 3012 769 3059 σοφῶς
784 3012 829 3060 ὑμῶν
847 3013 939 3061 ἕμπρσσθεν
955 3014 987 3047 τῶν

110 3076 136 3108 sic
147 3063 209 3108 luceat
222 3073 255 3105 lun
267 3073 328 3106 vestra
343 3081 406 3107 coram
423 3074 536 3114 hominihus
559 3070 656 3117 ἀνθρώπων,
671 3072 713 3112 ὅπως
725 3070 784 3108 ruera
797 3073 842 3120 ὑμῶν
858 3074 878 3110 τὰ
891 3072 936 3109 καλὰ
949 3070 988 3118 ’ἔργα

110 3136 130 3167 ut
139 3134 214 3167 videant
228 3140 285 3175 opera
296 3134 358 3165 vestra
371 3133 420 3165 bona
434 3136 452 3166 et
464 3132 537 3174 glorih-
559 3130 585 3165 καὶ
598 3130 688 3170 δοξάσωσιν
700 3132 728 3167 τὸν
741 3133 804 3179 πατέρα
819 3133 864 3180 ὑμῶν
881 3132 910 3168 τὸν
924 3130 941 3166 ἐν
955 3129 988 3169 τοῖς

109 3195 150 3229 cent
158 3195 232 3236 patrem
241 3193 322 3226 restrum
330 3192 363 3233 qui
372 3191 392 3224 in
402 3191 457 3225 coctis
467 3194 503 3225 est,
559 3190 640 3237 υθμανσῖς,
840 3180 842 3182 ’
