2239 3511
105 247 143 287 35⁶2
184 229 188 236 ⁴
323 285 324 294 γ
444 207 448 219 ί
470 251 547 280 namu.
563 242 581 289 8,
597 240 615 278 ί.

82 332 83 335 “
107 340 219 384 Christum
231 342 344 398 quaerant
355 339 396 400 qui
415 339 549 384 vaticinium
565 339 634 384 lsaiae
654 339 678 383 in
693 353 717 383 se
732 337 852 397 impletum
870 335 980 394 operibus

108 411 244 461 demonstrat
260 410 366 470 (al-17).
385 414 433 470 lpse
444 414 518 455 autem
531 411 633 455 Christus·
647 411 679 454 uti
692 409 792 454 cernitur
806 422 905 467 pauper,
917 406 949 450 ita
965 420 978 448 a

102 480 152 538 ¹suis
164 496 254 540 quoque
273 473 376 534 animum
388 482 458 539 erigit
468 497 481 526 a
491 481 563 526 >rebus
579 481 675 526 terrenis
685 480 814 541 expeditum
822 494 831 534 ,”
839 481 907 537 atque
927 490 977 520 eum
1014 526 1015 529 ς

105 566 184 595 revera
193 552 290 610 dignum
300 548 346 598 esse
357 552 392 597 cui
402 553 564 608 adhaereatur,
582 553 750 597 demonstretur
766 550 879 596 miraculis
896 548 978 608 quihus

106 637 170 667 mare
180 626 200 667 et
209 627 288 668 ventos
300 624 365 669 sedat
375 627 396 669 et
406 624 528 671 daemones
540 624 612 679 eiieit,
624 616 792 668 demonstretur
801 624 852 667 eius
863 622 887 666 in
897 635 977 680 pecea-

106 696 165 737 tores
186 694 346 739 misericordia
357 698 380 740 et
396 695 550 757 benignitate,
569 710 613 755 qua
628 698 721 754 peccata
740 694 846 747 remittit,
863 692 977 736 hominem

106 765 255 823 publicanum
269 767 293 811 in
301 767 429 827 apostolum
439 767 514 825 eligit,
527 767 695 811 demonstratur
705 766 815 811 suavitate
828 764 866 809 illa
875 778 921 823 qua
929 776 978 807 suos

108 835 135 879 ad
151 837 240 882 virtutis
258 838 418 897 perfectionem
431 838 506 882 erudit
519 837 666 897 (alsam).
681 837 744 882 [dem
757 837 829 881 elucet
845 837 868 879 in
883 833 978 879 resusci-

108 908 192 950 tatione
205 909 266 951 filiae
279 909 342 970 lairi,
355 909 379 970 in
390 909 504 952 sanatione
514 908 723 961 haemorrhoissae,
740 908 837 952 duorum
848 919 977 959 caecorum,
987 952 989 954 v

108 976 249 1022 daemoniaci
269 980 335 1034 muti;
357 979 439 1038 quibus
458 982 533 1023 tamen
551 978 667 1022 beneficiis
683 975 775 1023 effectus
789 972 859 1038 plane
873 976 979 1021 contrarii

108 1048 237 1105 eliciuntur,
254 1050 410 1095 admirationis
422 1051 447 1094 in
460 1050 539 1110 plebe,
556 1050 711 1109 blasphemiae
726 1048 788 1109 apud
799 1049 933 1110 pharisaeos
948 1046 977 1106 (9,

110 1119 194 1178 isat).
944 1117 946 1121 ’

379 1235 394 1282 c)
408 1238 464 1272 Tres
478 1235 605 1271 sanationes
618 1236 641 1279 8,
657 1236 711 1271 1-17.
749 1245 750 1248 ¹

134 1348 172 1389 al.
181 1349 226 1383 Cum
232 1349 426 1384 auteindescendisset
432 1351 457 1384 de
464 1350 531 1390 monte,
584 1347 736 1389 8,1.11αεαύα’ντος
751 1346 769 1381 δὲ
783 1346 834 1381 etms
848 1346 922 1382 ἀπὸτοῦ
936 1346 990 1392 ύρονς,

111 1409 187 1440 secutae
199 1409 240 1441 sunt
257 1417 299 1441 eum
313 1409 379 1442 turbae
395 1410 471 1442 multae.
484 1409 500 1442 θ.
511 1408 534 1441 Et
560 1403 674 1450 ἠκολούθησαν
684 1405 728 1452 αύτῷ
744 1405 792 1452 θχλοι
801 1405 869 1441 πολλοί,
880 1409 896 1441 2.
907 1404 936 1440 καί
948 1405 980 1439 ἰδού

113 1473 154 1498 ecce
168 1466 251 1507 leprosus
264 1468 339 1500 veniens
354 1467 442 1501 adorabat
457 1476 498 1500 eum
508 1467 533 1499 ut-
559 1462 617 1511 λεπρύς
633 1463 729 1511 προσελθὼν
746 1464 841 1511 προσεκύνει
859 1463 903 1512 αύτῷ·
919 1463 978 1511 λέγων·

113 1525 270 1566 cens:Domine‚
286 1526 349 1567 siris,
368 1527 419 1569 potes
432 1536 464 1560 me
480 1536 532 1560 nmn-
559 1521 608 1569 κύριε,
625 1521 655 1557 ἐὰν
670 1522 722 1571 θέλῃς,
737 1523 803 1558 δύνασαί
819 1537 839 1571 με
854 1523 947 1570 καθαρίσαι·
962 1526 978 1558 3·
1031 1548 1033 1552 ι

111 1572 164 1617 θοντο,
177 1583 193 1615 3.
204 1583 226 1617 ut
235 1584 337 1617 extendens
347 1585 485 1628 Iesusnianum
494 1586 532 1618 teti·
549 1581 587 1615 ’καί
601 1580 674 1623 ἐκτείνας
683 1580 711 1626 τὴν
727 1583 776 1629 χεῖρα
789 1583 842 1630 ἤρατο
857 1582 905 1618 αὐτοῦ
919 1583 979 1629 λέγων·

100 1644 139 1685 γγςλί
149 1652 193 1676 eum
203 1643 265 1676 dicens
276 1652 280 1675 :
291 1645 337 1684 νοίο,
349 1645 446 1678 mundare.
458 1645 480 1678 Et
489 1654 533 1678 con-
560 1640 610 1684 θέλω,
627 1641 742 1689 καθαρίσθητι.
761 1642 788 1677 καλ
807 1642 866 1684 εὐθέως
882 1642 979 1689 ἐκαθαρίσθη

114 1701 176 1735 testim
185 1702 273 1735 mundata
284 1705 310 1735 est
319 1704 372 1745 lepra
384 1704 427 1737 elus.
446 1704 463 1737 l.
475 1704 497 1737 Et
509 1705 534 1736 ait
560 1699 625 1745 αύτούὴ
636 1700 693 1748 λέπρα.
705 1703 722 1738 4.
735 1701 762 1736 καί
771 1702 815 1749 λέγει
830 1701 873 1750 αύτῷ
886 1703 895 1737 ὁ
910 1701 978 1746 Ἰησοῦς·

114 1762 141 1794 illi
157 1762 210 1795 Iesus
228 1761 388 1801 :videremini
408 1763 487 1803 diserta·
503 1764 534 1796 sed
561 1760 596 1806 ὅρα,
619 1750 680 1808 μηδενί
697 1760 754 1809 είπης,
775 1760 818 1795 ἀλλὰ
841 1761 892 1809 ’ύπαγε
915 1761 980 1797 σεαυτὸν
996 1797 1006 1810 .,

115 1820 534 1860 vade,ostendetesacerdotictolscrmunus
561 1818 612 1860 δεῖξον
642 1823 666 1867 τθρ
695 1820 739 1867 ίερεῖ
769 1820 795 1855 καί
825 1822 934 1869 προσένεγκον
962 1822 980 1857 τύ

116 1880 166 1922 quod
181 1879 275 1921 praecepit
290 1878 362 1921 Moyses
377 1880 396 1911 in
411 1881 535 1913 testimonium
562 1878 611 1923 δῶρον
628 1877 750 1923 ύιπροσέταξεν
767 1880 840 1923 Μωυσῆς
857 1878 878 1919 εἰς
895 1877 980 1927 μαρτύριον

116 1939 159 1972 illis.
561 1935 621 1977 αὐτοῖς,

139 1999 154 2031 5.
168 1996 215 2031 Oum
224 1997 287 2030 autem
296 1997 391 2031 introisset
398 1997 533 2040 capharnaum,
586 1999 601 2031 5,
612 1995 720 2039 Εἰσελθόντος
732 1996 751 2032 δὲ
763 1997 810 2032 αύιού
828 1997 850 2039 εἰς
864 1999 980 2047 ίίαραρναούρ,

116 2057 194 2092 accessit
203 2056 225 2089 ad
235 2065 279 2089 eum
289 2056 371 2089 centeno
385 2065 453 2098 rogans
467 2066 507 2090 eum
518 2058 533 2091 θ.
561 2055 653 2101 προσῆλθεν
674 2055 716 2104 αύτῷ
739 2056 859 2104 ἑκατόνταρχος
882 2059 980 2105 παρακαλῶν

103 2120 134 2151 ὀί
147 2116 315 2150 dioenstDominc
329 2124 376 2157 peter
390 2125 440 2149 incus
455 2117 503 2150 iacet
517 2119 535 2150 in
563 2114 610 2149 αύτύν
621 2117 638 2150 θ.
653 2115 681 2150 καὶ
694 2115 756 2162 λέγων
770 2116 812 2163 κύριε
830 2117 890 2158 ὀπαῖς
908 2131 940 2164 ρον
955 2118 981 2165 βέ-

117 2178 172 2211 domo
181 2175 294 2217 paralyticus
310 2175 327 2207 et
339 2175 389 2207 male
403 2176 505 2217 torquetur,
518 2178 534 2210 θ,
563 2173 621 2218 ύληται
639 2176 656 2209 ἐν
682 2180 701 2222 τῇ
728 2174 772 2221 οἰκία
794 2174 904 2222 ’παραλυτικὸς
929 2178 983 2218 δεινῶς

117 2238 138 2270 ut
147 2237 175 2269 ait
190 2234 216 2267 illi
226 2235 280 2267 iosus
292 2241 296 2265 ι
308 2242 342 2275 ego
353 2235 426 2266 veniam
440 2237 460 2268 ct
470 2236 536 2270 curabo
564 2233 696 2280 βασανιζόμενος.
706 2237 722 2270 7.
736 2233 781 2281 λέγει
790 2235 841 2282 αύτῷ·
852 2234 884 2282 ἐγὼ
892 2236 946 2272 ἐλθὼν
956 2238 982 2272 θε-

117 2304 164 2330 eum.
182 2292 368 2334 8.Ε11·οεροοθο11ε
389 2295 472 2327 centurio
492 2291 534 2329 att:
563 2293 636 2340 ραπεύσω
651 2293 705 2330 αύτύν.
720 2297 738 2330 8.
753 2293 844 2342 ἀποκριθεὶς
861 2296 878 2330 δὲ
893 2296 902 2331 ὁ
918 2296 982 2333 ἑκατόν-

89 2369 90 2372 ¹
117 2356 203 2394 Domino,
217 2362 305 2386 non-sum
319 2353 416 2395 dignusut
430 2354 490 2387 intres
503 2356 536 2396 sul>
563 2352 669 2400 ταργοςέρη·
688 2353 738 2406 κύριε,
758 2354 785 2388 ούκ
801 2346 898 2401 attacta
912 2356 983 2404 ίναμον

117 2416 186 2448 tectum
200 2422 270 2453 mcum,
288 2413 319 2445 sed
333 2413 537 2449 tantumdicverhoct
563 2411 593 2447 ὑπὸ
611 2411 641 2454 τὴν
657 2413 714 2458 στέγην
729 2412 807 2461 εἰσέλθῃς,
829 2413 873 2447 ἀλλὰ
885 2416 937 2461 ρύνον
951 2415 983 2452 εἰπὲ

118 2473 213 2508 sanabitur
227 2480 275 2515 puer
292 2480 352 2512 mcus;
374 2472 391 2504 θ.
409 2461 452 2504 nam
470 2474 488 2505 ct
504 2482 537 2515 ego
564 2470 609 2518 λύγῳ
620 2470 649 2506 καὶ
665 2469 816 2515 ἰαθήσεταιύπαῖς
832 2485 869 2519 γιον
880 2477 896 2510 θ,
910 2474 938 2509 καί
953 2475 983 2523 γὰρ

118 2534 174 2567 homo
184 2532 266 2564 sumsuh
277 2531 368 2572 potestate
379 2531 498 2571 constitutus,
508 2533 537 2565 ha·
565 2529 598 2576 ἐγὼ
615 2530 699 2577 ἅνθρωπός
715 2529 750 2578 εἰμι
765 2530 794 2566 ύπύ
813 2530 886 2573 ἐξουσίαν
900 2537 983 2584 τασσύρε-

117 2594 162 2627 bens
171 2591 206 2623 suh
217 2597 245 2623 me
254 2589 323 2622 milites
336 2592 355 2623 et
368 2589 408 2622 dico
417 2590 461 2623 huie
472 2599 476 2622 ι
486 2592 536 2633 uude,
565 2601 599 2632 νος,
611 2588 656 2637 ἔχων
667 2588 693 2625 ὑπ’
702 2589 773 2638 ἐμαυτὸν
787 2594 886 2639 στρατιώτας
899 2596 928 2629 καί
941 2595 984 2641 λε’για

118 2654 135 2686 ct
144 2650 205 2691 vadit,
216 2651 233 2684 et
242 2649 276 2684 alii
287 2658 291 2681 :
303 2650 349 2690 veni,
361 2651 380 2682 et
390 2650 443 2691 uenit,
457 2651 476 2683 et
485 2659 537 2686 seruo
564 2652 621 2697 τούτῳ·
632 2649 725 2695 πορεύθητι,
738 2650 767 2685 καί
779 2652 870 2699 πορεύεται,
886 2654 913 2688 καὶ
931 2655 984 2703 ἄλλην

117 2720 158 2745 meo
177 2719 181 2741 2
199 2709 226 2743 lac
242 2710 288 2749 hoc,
306 2710 323 2742 et
341 2708 393 2742 lacit.
410 2709 435 2743 lt.
457 2710 537 2746 Audiens
565 2708 622 2756 έρχου,
633 2708 745 2756 κατέρχεται,
758 2710 985 2759 καὶτῷδούλῳμοαποίη-
1028 2753 1030 2757 ,

119 2774 180 2804 autem
197 2770 246 2802 Iesus
266 2769 342 2801 miratus
361 2769 422 2802 estet
442 2772 538 2812 sequenti-
566 2781 593 2803 σον
611 2770 668 2811 τοῦτο,
687 2769 714 2804 καί
734 2771 785 2805 ποιεῖ.
807 2773 835 2806 lo.
857 2770 926 2813 ἀκούσας
944 2773 961 2808 δὲ
977 2775 985 2809 ὁ

118 2831 152 2864 hus
164 2838 185 2862 sc
202 2828 246 2862 uixit
264 2837 268 2861 ε
286 2837 347 2869 amen,
368 2829 408 2861 dico
424 2830 485 2869 vohis,
503 2840 538 2864 non
567 2825 627 2872 Ἰησοῦς
637 2827 725 2875 ἐθαύμασεν
738 2828 768 2864 καὶ
782 2828 827 2865 εἶπεν
838 2830 873 2870 τοῖς
886 2829 992 2868 οἰκολονθού-4

119 2889 260 2923 invenitantam
270 2887 324 2920 sulem
337 2889 356 2921 in
372 2888 437 2929 Israel,
456 2889 484 2922 ll.
500 2890 538 2924 uico
566 2899 597 2922 σιν·
608 2886 651 2935 ἀρὴν
666 2886 709 2935 λέγω
721 2888 772 2935 ύμῖν,
787 2887 827 2935 παρ’
838 2887 891 2938 ούύενί
905 2892 985 2937 τοσαύτην

119 2951 182 2983 autem
197 2947 246 2979 tronis
264 2947 314 2988 quod
329 2947 384 2981 multi
398 2949 421 2980 »ah
436 2949 508 2983 crtcnte
522 2953 539 2984 ct
566 2947 617 2982 πίστιν
628 2946 645 2981 ἐν
655 2951 678 2994 τῷ
686 2946 753 2995 ’ίσραὴλ
763 2944 813 2994 εύρσν·
827 2951 856 2985 11.
867 2949 909 2998 λε’γιν
920 2950 938 2986 δὲ
949 2952 985 2999 ύμῖν

119 3008 216 3042 occidente
232 3005 309 3038 uenient
329 3007 345 3039 ct
368 3008 477 3041 recumbent
500 3018 539 3042 cum
567 3008 591 3042 θτι
599 3006 662 3042 πολλοὶ
672 3006 702 3042 ἀπὸ
715 3006 800 3043 ἀνατολῶν
810 3009 839 3043 καὶ
849 3009 912 3057 tuopte
922 3010 986 3054 ἥξουσιν

120 3068 224 3100 Abraham
237 3066 254 3098 ct
282 3063 333 3096 Isaac
350 3067 370 3097 ct
394 3065 447 3100 Iacob
470 3068 489 3100 in
510 3077 540 3102 rc·
566 3061 740 3109 κοιλάνακλιθήσονται
754 3066 793 3114 μετὰ
805 3067 880 3116 ’λύραὰμ
892 3071 920 3105 καί
933 3069 987 3107 ’lent-r.

119 3135 155 3169 gno
178 3126 281 3165 coelorum,
307 3123 333 3156 tt.
354 3122 390 3156 filii
409 3127 470 3159 uutcm
489 3129 540 3169 regni
567 3125 594 3160 καὶ
608 3124 668 3159 ’larue
682 3125 697 3159 ἐν
710 3128 729 3173 τῇ
743 3126 817 3175 βασιλείᾳ
827 3128 948 3176 τῶνούρανῶν,
960 3133 986 3167 12.
1028 3162 1029 3165 ,
1084 3148 1086 3157 ¹

119 3186 215 3220 eiicientur
238 3186 256 3218 ln
283 3178 369 3218 tenebras
389 3185 498 3226 exteriorem
517 3187 541 3220 ihi
568 3184 583 3219 ol
595 3185 611 3218 δὲ
624 3184 657 3219 utet
667 3187 694 3230 τῆς
705 3187 787 3233 βασιλείας
797 3187 928 3232 ἓκύληθήσονται
940 3189 961 3232 είς
969 3192 987 3228 τὺ
