2239 3511
133 235 171 274 391
463 243 538 272 1111111.
555 234 572 279 8,
588 232 654 270 32-31.

131 329 166 371 hic
179 332 249 372 dicere
261 334 343 382 oportet
359 343 407 371 eum
419 332 456 371 Iol)
472 343 476 371 :
490 331 596 383 numquid
609 332 690 371 bonum
703 329 742 369 dei
755 328 845 378 videtur,
858 327 999 373 sieonsilium

132 395 245 447 impierum
255 396 341 436 adiuves
352 395 429 449 1111311
770 398 773 406 “

158 459 264 506 Quaerunt
277 461 341 511 etiam
355 461 417 501 multi
431 461 537 513 quomodo
552 462 609 501 Iesus
626 462 709 500 tantum
725 459 828 499 damnum⁴
838 455 910 498 inferri
926 456 999 496 incolis

132 525 252 576 permiserit
265 526 346 567 duobus
361 526 456 566 millibus
469 537 580 578 porcorum
597 525 720 566 interfectis.
737 524 872 576 Respondent
886 523 907 562 id
921 521 999 561 facturn

132 589 158 628 ob
174 592 259 649 peecata
273 590 416 640 dominorum,
429 592 464 643 qui
478 592 494 631 si
509 591 581 632 Iudaei
594 592 653 631 erant
666 602 745 642 poenas
758 589 835 629 dabant
847 588 954 641 neglectae
967 586 1000 626 vel

132 658 265 708 contemptae
274 656 334 709 legis.
349 656 450 697 Vivehant
463 669 487 697 ea
500 656 527 711 in
529 657 621 712 regione
635 655 760 708 plerumque
774 655 872 706 gentiles,
885 652 1000 699 intermixti

132 720 197 760 etiam
206 723 264 761 erent
273 722 351 762 ludaei.
361 721 383 761 Si
392 722 437 762 heri
446 725 505 764 erant
514 723 602 775 gentiles
614 721 689 775 quihus
699 721 758 773 porci
769 732 811 760 non
819 718 924 760 interdicti
934 719 998 766 erent,

132 786 165 825 vel
178 786 196 826 si
208 786 279 827 Iudaei
293 799 331 839 per
344 790 438 840 pastores
451 788 539 840 gentiles
552 789 667 839 pascebant
680 798 753 839 greges
764 788 787 826 ut
799 798 873 838 porcos
884 795 932 824 cum
942 783 999 842 lucro

132 851 249 893 venderent
258 853 379 905 gentilibus,
390 865 433 893 non
443 853 534 893 cernitur
545 865 568 892 ea
577 853 600 892 in
608 865 630 893 re
638 852 702 892 luisse
712 854 828 905 peecatum.
843 853 871 891 Ea
881 850 959 902 quippe
969 861 1001 888 ra-

133 916 162 955 tio
173 918 280 970 regionem
291 917 350 957 illam
360 920 433 968 utpote
443 915 495 957 olim
508 917 576 958 terrae
586 919 669 957 sanctae
680 917 808 969 adscriptam
817 914 1000 970 grege'porcorum

133 981 238 1032 profanari
250 982 300 1021 satis
316 982 400 1022 infirma
415 983 504 1023 uidetur.
522 982 562 1022 Sed
577 994 629 1022 num
645 993 718 1021 revera
731 982 802 1034 quaeri
819 982 882 1021 dehet
895 979 999 1032 quomodo

133 1045 225 1087 Christus
236 1047 276 1087 tale
286 1047 338 1098 quid
348 1048 470 1099 permittere
484 1047 589 1099 potuerit?
600 1059 670 1087 nonne
681 1047 726 1098 ipse
738 1049 769 1087 est
779 1047 879 1087 Dominus
892 1045 999 1085 omnium?
1032 1079 1034 1082 ,

133 1112 217 1152 Domini
228 1114 259 1152 est
269 1115 323 1152 terra
333 1115 354 1152 et
363 1105 473 1165 plenitudo
482 1112 539 1153 eiust
549 1125 600 1153 num
611 1112 658 1164 quis
668 1112 701 1152 ius
710 1113 747 1152 Dei
755 1112 777 1151 in
788 1113 931 1164 quaestionem
940 1113 1000 1150 uocat

133 1177 270 1229 permittendi
287 1180 370 1229 pestem
390 1178 510 1219 animalium
528 1178 561 1218 vel
580 1179 621 1218 alia
638 1178 761 1218 infortunia.
779 1178 875 1218 Ceterum
894 1176 1000 1228 sapienter

132 1241 192 1289 illum
206 1254 318 1294 porcorum
329 1243 437 1300 interitum
448 1255 493 1284 esse
506 1243 634 1295 permissum
645 1254 693 1283 cum
704 1255 729 1282 ex
740 1254 764 1283 eo
776 1243 836 1282 utilia
848 1242 955 1283 doctrinae
965 1253 998 1299 ca-

133 1308 176 1359 pita
185 1309 315 1360 colligantur,
327 1309 369 1348 iam
380 1308 460 1349 dictum
471 1310 509 1349 est.
521 1309 574 1348 Addi
588 1312 657 1361 potest
667 1320 714 1348 cum
725 1309 778 1348 que.
787 1309 901 1348 Dominum
911 1307 998 1347 demon-

134 1375 199 1413 strare
208 1373 299 1413 voluisse
309 1385 330 1413 se
341 1374 368 1414 ad
377 1373 473 1414 homines
484 1371 591 1414 salvandos
601 1373 690 1422 venisse,
701 1385 744 1413 nen
753 1375 823 1413 autem
834 1374 874 1413 silei
883 1384 943 1412 curae
954 1384 998 1412 esse

134 1449 205 1478 rerum
218 1438 366 1490 temperalium
381 1439 478 1488 salutem,
489 1440 551 1490 atque
560 1439 592 1479 vel
606 1440 632 1479 ob
647 1438 708 1478 unius
719 1438 810 1487 hominis
821 1439 910 1478 salutem
922 1440 998 1477 cetera-

133 1514 182 1543 rum
191 1515 261 1544 rerum
272 1503 375 1543 iacturam
386 1504 482 1555 quamvis
494 1515 579 1555 gravem
592 1515 638 1543 esse
648 1504 800 1555 negligendam.

162 1610 300 1654 Beneficium
316 1609 379 1668 quod
398 1611 498 1654 Christus
519 1610 629 1669 praestitit
652 1609 812 1664 daemoniacis,
837 1609 999 1666 insigniseius

133 1681 241 1740 potentia,
266 1680 402 1724 daemonum
423 1682 486 1738 fuga,
507 1696 627 1739 porcorum
649 1680 752 1724 interitus
773 1684 826 1724 nola
845 1681 902 1724 fiunt
919 1680 999 1724 incolis

133 1766 155 1795 v.
173 1756 200 1796 33
216 1759 319 1811 praetores
337 1759 413 1795 dictent
425 1753 545 1811 superant,¹
563 1751 629 1795 facile
645 1751 767 1810 concipitur
783 1766 827 1810 quo
848 1752 940 1795 horrore
956 1752 998 1810 ipsi

134 1837 225 1881 quoque
235 1823 332 1881 correpti
344 1823 399 1876 sint,
412 1837 463 1866 eum
473 1821 550 1866 sedato
560 1822 637 1866 furore
647 1821 845 1865 daemoniacorum
858 1822 954 1866 eundem
963 1837 998 1866 su-

133 1892 181 1936 bito
192 1897 308 1937 cernerent
320 1894 344 1936 in
353 1893 437 1952 poreis;
448 1901 469 1936 et
481 1890 591 1937 percientes
600 1893 624 1936 ie
634 1893 745 1936 civitatem
755 1892 915 1937 neentieoeruut
922 1893 998 1937 onerata

133 1971 154 2007 et
167 1963 193 2008 de
205 1964 236 2008 eis
248 1965 290 2023 qut
300 1964 419 2008 [lectitante
430 1964 568 2019 tebccer·ertt;
581 1967 647 2007 testes
659 1965 773 2023 potentiae
785 1964 867 2008 Christi
878 1968 899 2009 et
911 1965 998 2024 praedi-
1053 1979 1054 1982 ’

134 2038 218 2079 catores
228 2036 366 2080 exstiterunt,
382 2035 424 2078 Sed
437 2035 523 2079 incolae
536 2036 633 2092 gratiam
645 2049 658 2078 a
671 2034 758 2078 Christo
769 2035 868 2079 oblatam
877 2036 998 2094 repudiant

133 2122 154 2150 v.
166 2111 192 2151 31
201 2114 221 2150 et
228 2121 276 2150 ecce
286 2113 332 2149 tote
341 2106 418 2150 civiter
428 2106 482 2150 ertit
490 2105 578 2149 obviam
589 2107 640 2156 Iesu
652 2113 674 2149 et
683 2105 728 2149 etio
739 2120 764 2150 eo
775 2106 883 2165 repedent
893 2115 918 2149 nt
926 2116 998 2151 truns-

134 2178 176 2221 t'ret
188 2193 202 2221 e
210 2176 294 2236 (iarius
306 2191 393 2230 eortina,
406 2178 497 2233 timent;
509 2176 560 2220 ideo
570 2192 616 2221 non
625 2176 681 2220 dure
692 2177 811 2236 repellunt,
823 2178 861 2221 sed
871 2181 962 2235 rogant,
974 2183 999 2222 ut

134 2249 251 2303 abscedat;
264 2264 318 2308 prae
328 2250 415 2292 iactura
425 2249 458 2293 rei
469 2249 599 2307 temporalis
609 2248 744 2293 beneficium
755 2263 799 2292 non
816 2249 944 2305 aestimant;
962 2266 998 2294 ve-

72 2310 73 2313 *
133 2324 211 2364 rentur
222 2335 249 2363 ne
260 2320 306 2364 alia
316 2320 399 2364 damna
409 2320 451 2364 silai
463 2321 507 2364 sint
517 2319 641 2372 subeunda,
655 2319 673 2364 si
688 2320 787 2365 Christus
798 2320 853 2364 ulios
866 2336 998 2380 (1110111111εῆ-

133 2395 181 2447 net3
190 2391 249 2435 unde
259 2406 288 2435 ne
296 2392 342 2435 alia
348 2394 370 2435 et
377 2392 483 2448 graviora
490 2393 621 2450 paterentur
628 2390 785 2434 desiderabant
793 2395 817 2434 ut
823 2392 928 2435 Dominus
935 2407 958 2436 se
965 2408 998 2437 re-

134 2463 255 2522 linqueret.
263 2463 338 2521 Aliqui
347 2462 466 2506 censebant
473 2476 510 2505 eos
516 2476 607 2518 rogasse
615 2461 697 2520 quiase
703 2461 809 2518 indignos
816 2466 931 2521 putassent
936 2479 999 2523 prae-

134 2533 206 2577 sentia
221 2533 310 2576 Domini
326 2532 452 2576 humilitate
471 2533 579 2591 permoti,
594 2532 630 2576 uti
644 2532 697 2575 olim
709 2534 785 2576 Petrus
800 2547 804 2577 :
825 2534 858 2577 eni
872 2550 886 2578 a
900 2549 936 2579 me
946 2536 999 2595 quia
1039 2592 1040 2595 Ἴ

134 2605 201 2648 lronro
212 2607 317 2664 peccator
329 2618 379 2648 sum
386 2603 423 2665 (S.
437 2603 499 2648 Hier.
514 2603 568 2647 Bed.
582 2602 637 2648 aab.
652 2603 832 2664 Peecle,‘D2'eu.);
847 2610 869 2650 at
881 2605 905 2650 id
918 2608 999 2651 merito

134 2676 274 2735 aplerisque
287 2676 397 2729 reiicitur;
412 2676 474 2719 nulla
490 2674 550 2719 enim
567 2675 682 2738 voeeputi
699 2676 722 2719 in
737 2676 866 2720 narratione
880 2677 908 2721 (le
922 2682 999 2722 eentu-

133 2747 206 2802 rione,
222 2748 249 2791 de
264 2750 340 2802 Petro,
356 2747 380 2790 id
396 2747 548 2804 significatum
569 2749 636 2805 atque
650 2746 717 2805 plane
733 2746 794 2791 aliud
813 2751 845 2791 est
862 2763 884 2792 se
896 2753 1000 2808 reputare

132 2818 253 2875 indignum
263 2818 354 2877 speciali
364 2818 402 2863 illo
415 2819 499 2862 honore
510 2833 555 2876 quo
564 2821 623 2862 lesus
632 2817 723 2862 domum
733 2819 769 2863 vel
779 2819 856 2862 navim
867 2820 909 2862 viri
917 2821 1000 2879 privati
1034 2814 1036 2817 ⁵

132 2902 173 2932 sua
184 2890 311 2947 praesentia
321 2892 395 2941 ornet,
411 2890 472 2933 aliud
482 2890 595 2949 postulare
604 2892 629 2934 ut
642 2890 741 2933 salvator
753 2892 800 2933 tota
810 2891 900 2948 regione
910 2893 1001 2937 excedat

132 2959 240 3019 adquam
251 2960 317 3003 modo
327 2960 436 3005 beneficia
444 2960 567 3019 largiturus
575 2964 597 3005 et
608 2961 736 3005 doctrinam
746 2960 823 3005 salutis
832 2963 1000 3021 praedicaturus

137 3031 235 3075 accessit.
247 3030 305 3073 lllud
319 3031 343 3074 lit
357 3046 409 3075 cum
420 3032 514 3087 virtute,
531 3032 573 3076 hoc
589 3039 742 3090 nequaquam.
758 3034 805 3076 Non
820 3034 916 3091 legimus
928 3039 1000 3080 lesum

135 3103 233 3146 secundo
249 3101 278 3145 ad
296 3103 417 3145 Gerasenos
432 3103 525 3147 venisse».
543 3103 618 3146 Innuit
631 3103 768 3158 exrangelista
781 3108 879 3163 quantae
897 3107 925 3150 sit
938 3107 1001 3152 aleae

135 3175 232 3231 gratiam
248 3172 349 3218 oblatam
363 3172 493 3231 repucliare3
507 3173 622 3217 Gerasenis
640 3174 707 3217 semel
726 3180 758 3220 cst
769 3176 855 3231 ohlata3
877 3180 899 3222 at
916 3180 1002 3237 quoties
