2211 3575
323 175 348 204 os
363 173 477 218 nicanora
491 173 553 203 aurun
567 173 594 203 nr
608 173 634 203 ur
648 169 684 203 na.
912 162 938 202 l3

63 280 141 324 auctor
159 270 229 332 primi
243 268 362 326 Evangelii
376 267 446 311 finem
462 260 628 326 theologicum,
640 267 797 325 dogmaticum
813 267 856 312 sibi
869 266 937 335 facile

61 343 161 409 potnerit
179 340 338 401 praestituere,
355 354 396 382 cur
415 353 469 383 eum
488 338 591 384 ordinem
612 339 717 397 elegerit,
739 351 807 400 quern
828 338 856 382 de
876 337 937 382 facto

63 420 129 469 tenet,
142 417 165 458 ct
177 410 218 471 qui
231 425 286 454 cum
299 409 376 454 indole
393 409 513 468 Evangelii
530 425 624 470 prorsus
641 410 772 456 concordat.
784 413 864 461 alterare
879 408 936 453 ordo

61 487 131 550 primi
145 481 261 539 Evangelii
275 481 346 537 eliam
359 480 535 540 explicationem
548 495 595 546 non
610 482 721 541 postulat,
733 482 803 525 immo
817 497 843 525 ex
857 480 935 525 indole

62 554 223 614 evangelistae,
238 552 278 610 qui
295 555 373 615 auctor
388 567 434 596 non
446 551 570 616 mediocris
581 551 785 608 ingeniiliterarii
798 566 846 596 esse
860 552 936 595 'cerni-

61 624 224 682 tur‚'lacillime
237 622 378 680 agnoscitur.
392 622 457 681 Apud
471 624 565 667 Menon
579 626 671 668 eatenus
681 622 739 675 sicut
753 622 815 682 apud
828 624 862 667 Mt
872 621 935 674 idem

62 700 117 744 ordo
133 699 155 741 et
165 695 246 747 eaden]
262 694 395 754 compositio
408 693 437 738 ab
450 692 516 750 initio
528 708 602 753 usquc
616 694 724 739 adfinem
739 693 857 751 Evangelii
870 693 935 739 inve·
972 703 974 705 ’

60 770 104 815 oiri
117 770 198 828 potest.
209 769 281 818 Qirare
292 765 386 810 obvium
398 779 445 809 esse
454 764 553 821 videtur,
567 766 676 810 lletthaeo
690 765 849 825 potiusquam
863 768 945 810 Marco
997 779 998 782 ¹

60 842 132 900 ipsam
145 835 336 896 compositionem
350 832 490 880 adscribere
506 839 583 896 Neque
599 836 618 880 si
632 836 687 880 ordo
703 837 753 895 ipse
768 836 828 880 solus
840 835 935 895 inspici·
953 892 956 897 ,
993 893 995 896 r

60 917 104 965 tur,
117 908 206 960 ostendi
217 909 292 966 potest
304 910 401 952 llarcum
413 908 524 952 llatthaeo
541 922 590 952 esse
602 907 710 967 priorem.
722 908 745 952 Si
755 907 815 951 enirn
830 908 865 951 Mt
878 906 934 951 dici-
996 909 1000 916 '

60 987 97 1026 tur
105 984 234 1024 sermonem
244 981 377 1034 montanum
389 993 416 1022 co
425 978 475 1023 loeo
484 979 597 1037 posuisse,
609 979 649 1038 qui
659 994 700 1039 per
710 981 747 1041 llll·
756 979 931 1036 suggerebatur,

61 1066 106 1096 non
119 1050 195 1094 minus
212 1052 273 1093 recte
289 1044 431 1093 contrarium
447 1050 629 1109 assumipotest,
641 1054 740 1094 llarcum
753 1050 785 1093 ita
800 1063 866 1093 suam
880 1063 934 1092 nar-

60 1122 172 1167 rationem
183 1121 310 1174 ordinasse,
323 1123 349 1165 ut
362 1120 468 1164 videatur
482 1116 609 1164 sermonem
620 1124 758 1181 nrontanum
769 1120 878 1165 omisisse.
891 1120 934 1164 Sed

59 1191 208 1237 inveniuntur
232 1206 312 1235 revera
334 1190 442 1248 vestigia,
466 1190 550 1250 quibus
570 1191 685 1243 suadetur,
702 1191 839 1236 llatthaeum
861 1193 933 1235 llarco
987 1217 989 1223 ·
1042 1200 1044 1202 ·

57 1273 106 1308 'esse
116 1263 226 1322 priorem.
242 1264 277 1306 lllt
290 1266 342 1316 aaa
355 1263 429 1306 reteri
438 1261 560 1306 Dominum
575 1261 598 1305 in
614 1264 662 1306 tota
676 1261 776 1323 Galilaea
785 1261 936 1319 evangelium

59 1332 208 1392 praedicasse,
223 1333 286 1392 quod
298 1347 351 1376 eum
365 1331 553 1376 antecedentibus
565 1337 588 1375 et
599 1332 747 1391 sequentibus
757 1331 826 1390 plane
838 1346 933 1375 concor

60 1405 109 1458 aaa
128 1405 164 1447 ab·
179 1407 230 1457 l,39
246 1402 308 1446 idem
326 1406 412 1456 narrat,
434 1403 515 1446 sedin
532 1402 578 1446 alio
595 1405 776 1457 contentuscum
794 1401 933 1461 quominus

1 1516 3 1518 .
59 1475 170 1527 convenit,
188 1489 241 1518 cum
260 1474 360 1518 Christus
380 1473 513 1517 immediate
531 1476 599 1517 antea
619 1473 711 1527 dixerit,
733 1488 755 1517 se
773 1473 797 1517 in
815 1473 933 1533 proximos

59 1546 120 1589 vicos
134 1549 155 1588 ct
170 1544 271 1590 civitates
284 1545 439 1603 profecturum
457 1559 511 1588 esse.
525 1546 562 1588 Mr
576 1549 596 1600 1,
612 1549 625 1587 2
642 1544 730 1602 legitur
747 1544 832 1604 duplex
846 1544 932 1606 dictum
974 1557 975 1560 ’

58 1615 227 1674 propheticum,
240 1615 282 1659 sub
292 1604 360 1660 unius
370 1615 441 1659 Isaiae
452 1615 545 1659 nomine
558 1615 683 1659 seeundum
696 1615 815 1659 meliorem
826 1615 931 1659 traditio-

59 1702 118 1741 nem,
131 1685 171 1730 sed
185 1686 248 1744 prior
262 1700 316 1745 pars
328 1685 450 1730 Malachiae
461 1688 505 1739 est3
518 1685 585 1729 facilc
599 1686 643 1729 hoc
655 1685 798 1743 intellegitur
807 1686 931 1745 'supposita

59 1757 213 1816 dependentia
228 1772 241 1800 a
257 1758 292 1801 Mt
306 1761 343 1811 3,3
360 1756 400 1815 qui
415 1756 490 1800 solum
506 1758 587 1800 Isaiam
603 1756 697 1814 allegat,
716 1759 751 1800 cui
765 1757 892 1801 illalocum
906 1771 933 1800 ex
1001 1807 1002 1810 Ἰ

58 1827 166 1872 tlalachia
182 1826 273 1882 adiecit,
289 1842 336 1872 non
357 1827 475 1885 corrigens
491 1827 590 1871 formam
608 1827 813 1872 introductoriam.
827 1829 863 1872 Mc·
874 1831 931 1882 ¹1‚l.t

58 1899 161 1958 loquitur
175 1897 307 1960 deangelis
322 1899 418 1942 Domino
433 1898 596 1943 servientibus
610 1901 654 1943 Gur
671 1898 714 1943 hoo
730 1902 930 1954 commemoretur,
982 1927 985 1929 -

59 1985 85 2014 ex
95 1972 130 2014 rtlr
140 1985 187 2014 non
200 1970 282 2025 elucet,
292 1984 347 2013 vciam
357 1984 433 2029 neque
443 1969 470 2013 de
481 1962 692 2029 tentatione‘prima
701 1970 783 2031 Christi
794 1974 848 2027 agat
857 1985 932 2030 neque

57 2040 131 2099 ipsum
141 2039 256 2091 ieiunium
268 2030 353 2084 narret.
367 2043 397 2084 Ex
410 2042 443 2085 llit
455 2043 518 2095 [ιβ-ἐι
529 2040 587 2085 ratio
600 2039 746 2100 perspicitur.
758 2042 795 2086 Ma·
806 2046 840 2095 12,
855 2046 865 2085 1
876 2041 933 2098 legi·
944 2076 950 2099 3

58 2125 106 2156 mus
119 2124 124 2157 τ
134 2130 145 2153 u
155 2114 178 2156 ct
187 2115 264 2172 coepit
273 2111 353 2174 illisio
363 2112 480 2171 parelaolis
487 2111 550 2171 loqui
562 2129 582 2154 a.
593 2115 765 2172 Nonponuntur
772 2111 853 2172 plures
863 2127 932 2172 para-

58 2182 132 2239 bolae⁷
147 2173 254 2228 seduna.
268 2173 391 2228 litantem
406 2183 431 2226 in
446 2182 528 2227 eodem
543 2187 649 2228 contextu
664 2185 735 2228 habet
747 2186 794 2229 tres
808 2184 931 2242 parabolas

59 2256 80 2296 et
92 2261 119 2298 ea
129 2269 189 2313 quae
200 2268 253 2298 cum
266 2254 436 2298 lllrcommunis
447 2258 481 2297 ost
497 2258 533 2307 21,
547 2258 574 2297 33
587 2254 622 2297 his
636 2253 711 2297 verbis
723 2254 805 2312 incipit
820 2267 824 2297 :
842 2273 851 2294 o
861 2254 930 2298 aliam
945 2269 946 2272 ¹

58 2324 196 2382 parabolam*
205 2313 280 2368 audite
289 2341 309 2369 a.
321 2326 368 2374 Quo
377 2323 514 2378 insinuatur,
528 2325 563 2368 ln·
574 2327 626 2367 ante
640 2324 716 2368 oculos
729 2324 835 2373 habuisse
849 2339 930 2370 narra.-

58 2395 142 2439 tionem
151 2394 263 2449 Matthaei,
278 2394 303 2439 id
314 2397 347 2439 est
361 2397 498 2449 contentum,
509 2395 532 2438 in
543 2410 588 2454 quo
599 2394 676 2453 plures
685 2395 808 2454 parabolae
819 2395 929 2440 collectae

59 2468 122 2509 erant
131 2465 153 2508 ci
161 2466 197 2509 Ma·
207 2469 268 2520 3‚E3.
282 2467 384 2509 Fortasse
395 2465 517 2524 provocari
528 2467 603 2523 potest
614 2464 644 2509 ad
657 2467 729 2509 totam
742 2465 930 2523 compositionem

58 2534 91 2577 Mt
103 2538 245 2590 ‘ild-Ealb,
261 2550 320 2594 quae
335 2534 463 2579 secundum
473 2533 577 2578 rationes
591 2534 678 2592 logicas
694 2536 796 2594 perlecta
813 2539 854 2590 est,
869 2550 882 2579 a
895 2538 932 2580 lllr

58 2607 189 2660 11,·1-12‚37
198 2606 245 2650 lere
255 2606 344 2663 integre
355 2608 446 2665 recepta
455 2609 488 2650 est
497 2605 536 2650 sed
544 2605 648 2665 pluribus
658 2605 754 2660 omissis,
765 2606 815 2650 aliis
828 2611 923 2665 propter

58 2675 156 2720 rationes
174 2676 348 2733 chronologicas
367 2676 518 2735 transpositis.
534 2677 557 2720 Si
578 2677 610 2720 ab
629 2680 708 2730 an-5
726 2690 775 2719 cum
799 2678 834 2720 illr
853 2679 931 2730 ilat-2
962 2666 963 2669 ¹

58 2757 226 2803 comparamus,
238 2740 305 2790 facile
315 2745 455 2806 perspicitur
465 2747 498 2791 llic
505 2745 545 2790 ,hic
553 2760 600 2789 non
612 2745 713 2804 prendere
725 2759 738 2789 a
748 2734 791 2800 ab,
804 2745 845 2789 sed
854 2746 931 2806 potius

57 2812 193 2860 relationem
206 2817 273 2861 Marci
287 2817 426 2862 succinctam
437 2816 538 2875 perfecte
549 2813 659 2871 intellegi
671 2815 747 2860 solum
754 2810 932 2876 praesupposila

57 2885 188 2929 narratione
197 2886 302 2930 Matthaei
318 2887 347 2930 de
360 2885 434 2930 verbis
448 2885 530 2929 Christi
545 2887 567 2929 et
580 2884 678 2930 concilio
695 2886 848 2930 sacerdotum.
867 2887 930 2930 Idem
969 2887 970 2891 ’
1003 2875 1005 2878 ⁴

57 2955 164 3000 suadetur
179 2957 323 3018 insequenti
338 2957 469 3002 narratione
483 2956 510 3000 de
528 2957 634 3001 unctione
651 2958 674 3000 in
691 2958 801 3001 Bethania
814 2958 882 3012 facta,
898 2959 930 3002 illl

57 3025 92 3078 26,
105 3030 163 3081 o-la,
174 3029 210 3070 ab·
220 3031 362 3081 rua-opnor
372 3028 455 3072 lllthoc
463 3027 556 3081 factum,
569 3027 632 3085 quod
646 3027 752 3086 pluribus
764 3027 850 3076 ,diebus
862 3032 930 3071 antea

57 3093 144 3150 accidit,
155 3097 198 3140 hoc
210 3096 259 3140 loeo
272 3102 357 3154 narret
369 3113 395 3141 cx
407 3096 485 3141 indole
498 3101 520 3141 et
532 3098 697 3156 corrrpositione
710 3097 830 3155 Evangelii
844 3112 930 3154 cogno-
