<?xml version="1.0" encoding="UTF-8"?>
<!DOCTYPE html PUBLIC "-//W3C//DTD XHTML 1.0 Transitional//EN"
    "http://www.w3.org/TR/xhtml1/DTD/xhtml1-transitional.dtd">
<html xmlns="http://www.w3.org/1999/xhtml" xml:lang="en" lang="en">
 <head>
  <title>
</title>
<meta http-equiv="Content-Type" content="text/html;charset=utf-8" />
  <meta name='ocr-system' content='tesseract 3.04.00' />
  <meta name='ocr-capabilities' content='ocr_page ocr_carea ocr_par ocr_line ocrx_word'/>
</head>
<body>
  <div class='ocr_page' id='page_1' title='image "./MN41446ucmf_0_0050.png"; bbox 0 0 2239 3511; ppageno 0'>
   <div class='ocr_carea' id='block_1_1' title="bbox 175 163 780 229">
    <p class='ocr_par' dir='ltr' id='par_1_1' title="bbox 175 163 780 229">
     <span class='ocr_line' id='line_1_1' title="bbox 175 163 780 229; baseline -0.002 -16"><span class='ocrx_word' id='word_1_1' title='bbox 175 174 203 229; x_wconf 29' lang='lat' dir='ltr'>,io</span> <span class='ocrx_word' id='word_1_2' title='bbox 334 206 336 208; x_wconf 88' lang='lat'>.</span> <span class='ocrx_word' id='word_1_3' title='bbox 407 189 434 215; x_wconf 66' lang='grc' dir='ltr'>υ,</span> <span class='ocrx_word' id='word_1_4' title='bbox 449 187 486 216; x_wconf 68' lang='lat' dir='ltr'>„nn</span> <span class='ocrx_word' id='word_1_5' title='bbox 500 163 576 215; x_wconf 75' lang='lat' dir='ltr'>ainana</span> <span class='ocrx_word' id='word_1_6' title='bbox 593 186 650 215; x_wconf 82' lang='lat' dir='ltr'>raim</span> <span class='ocrx_word' id='word_1_7' title='bbox 665 185 780 215; x_wconf 79' lang='lat' dir='ltr'>avaricum.</span> 
     </span>
    </p>
   </div>
   <div class='ocr_carea' id='block_1_2' title="bbox 131 277 1105 3190">
    <p class='ocr_par' dir='ltr' id='par_1_2' title="bbox 153 277 1105 1337">
     <span class='ocr_line' id='line_1_2' title="bbox 178 277 1055 340; baseline -0.005 -15"><span class='ocrx_word' id='word_1_8' title='bbox 178 281 232 334; x_wconf 51' lang='lat' dir='ltr'>reug¹</span> <span class='ocrx_word' id='word_1_9' title='bbox 247 279 281 338; x_wconf 75' lang='grc' dir='ltr'>ἀφ’</span> <span class='ocrx_word' id='word_1_10' title='bbox 309 277 481 333; x_wconf 52' lang='lat' dir='ltr'>decentiae,</span> <span class='ocrx_word' id='word_1_11' title='bbox 512 282 542 324; x_wconf 74' lang='lat' dir='ltr'>ait</span> <span class='ocrx_word' id='word_1_12' title='bbox 569 278 605 336; x_wconf 70' lang='grc' dir='ltr'>τῆς</span> <span class='ocrx_word' id='word_1_13' title='bbox 626 290 717 340; x_wconf 66' lang='grc' dir='ltr'>4γραφῆς</span> <span class='ocrx_word' id='word_1_14' title='bbox 747 282 875 339; x_wconf 64' lang='grc' dir='ltr'>ἀπεπλήρῡυ.</span> <span class='ocrx_word' id='word_1_15' title='bbox 903 278 965 323; x_wconf 82' lang='lat' dir='ltr'>Alibi</span> <span class='ocrx_word' id='word_1_16' title='bbox 983 277 1055 322; x_wconf 67' lang='lat' dir='ltr'>&#39;idem</span> 
     </span>
     <span class='ocr_line' id='line_1_3' title="bbox 178 349 1054 412; baseline -0.001 -18"><span class='ocrx_word' id='word_1_17' title='bbox 178 352 255 405; x_wconf 87' lang='lat' dir='ltr'>refert,</span> <span class='ocrx_word' id='word_1_18' title='bbox 271 354 359 402; x_wconf 85' lang='lat' dir='ltr'>Quaest.</span> <span class='ocrx_word' id='word_1_19' title='bbox 374 351 404 394; x_wconf 89' lang='lat' dir='ltr'>ad</span> <span class='ocrx_word' id='word_1_20' title='bbox 419 351 496 395; x_wconf 83' lang='lat' dir='ltr'>llarin.</span> <span class='ocrx_word' id='word_1_21' title='bbox 514 355 549 407; x_wconf 65' lang='grc' dir='ltr'>ΞΛ</span> <span class='ocrx_word' id='word_1_22' title='bbox 570 352 639 412; x_wconf 89' lang='lat' dir='ltr'>(Nova</span> <span class='ocrx_word' id='word_1_23' title='bbox 652 354 712 395; x_wconf 87' lang='lat' dir='ltr'>Patr.</span> <span class='ocrx_word' id='word_1_24' title='bbox 724 350 783 396; x_wconf 91' lang='lat' dir='ltr'>Bibl.</span> <span class='ocrx_word' id='word_1_25' title='bbox 800 365 831 405; x_wconf 81' lang='lat' dir='ltr'>iv,</span> <span class='ocrx_word' id='word_1_26' title='bbox 847 351 898 409; x_wconf 74' lang='lat'><strong>⁶257)</strong></span> <span class='ocrx_word' id='word_1_27' title='bbox 912 349 1009 409; x_wconf 87' lang='lat' dir='ltr'>loquens</span> <span class='ocrx_word' id='word_1_28' title='bbox 1026 349 1054 393; x_wconf 90' lang='lat' dir='ltr'>de</span> 
     </span>
     <span class='ocr_line' id='line_1_4' title="bbox 153 420 1055 482; baseline -0.001 -17"><span class='ocrx_word' id='word_1_29' title='bbox 153 422 155 426; x_wconf 82' lang='grc'><strong>’</strong></span> <span class='ocrx_word' id='word_1_30' title='bbox 178 421 365 481; x_wconf 76' lang='lat' dir='ltr'>interpretatione</span> <span class='ocrx_word' id='word_1_31' title='bbox 379 424 454 472; x_wconf 68' lang='lat' dir='ltr'>textus</span> <span class='ocrx_word' id='word_1_32' title='bbox 470 424 504 466; x_wconf 83' lang='lat' dir='ltr'>Mt</span> <span class='ocrx_word' id='word_1_33' title='bbox 526 426 586 478; x_wconf 70' lang='lat'>28,1.</span> <span class='ocrx_word' id='word_1_34' title='bbox 604 423 668 474; x_wconf 84' lang='lat' dir='ltr'>Quod</span> <span class='ocrx_word' id='word_1_35' title='bbox 684 422 782 482; x_wconf 82' lang='lat' dir='ltr'>explicat</span> <span class='ocrx_word' id='word_1_36' title='bbox 798 422 875 466; x_wconf 89' lang='lat' dir='ltr'>dicens</span> <span class='ocrx_word' id='word_1_37' title='bbox 891 420 1055 467; x_wconf 77' lang='lat' dir='ltr'>illl-hebraica</span> 
     </span>
     <span class='ocr_line' id='line_1_5' title="bbox 178 484 1051 550; baseline 0 -15"><span class='ocrx_word' id='word_1_38' title='bbox 178 492 258 550; x_wconf 87' lang='lat' dir='ltr'>lingua</span> <span class='ocrx_word' id='word_1_39' title='bbox 279 492 430 550; x_wconf 82' lang='lat' dir='ltr'>Evangelium</span> <span class='ocrx_word' id='word_1_40' title='bbox 446 484 574 539; x_wconf 74' lang='lat' dir='ltr'>tradidisse.</span> <span class='ocrx_word' id='word_1_41' title='bbox 590 494 651 538; x_wconf 89' lang='lat' dir='ltr'>Idem</span> <span class='ocrx_word' id='word_1_42' title='bbox 669 493 781 538; x_wconf 71' lang='lat' dir='ltr'>Earseh&#39;b.</span> <span class='ocrx_word' id='word_1_43' title='bbox 804 509 824 537; x_wconf 91' lang='lat' dir='ltr'>e.</span> <span class='ocrx_word' id='word_1_44' title='bbox 844 491 1051 546; x_wconf 80' lang='lat' dir='ltr'>5.10,3traditio-</span> 
     </span>
     <span class='ocr_line' id='line_1_6' title="bbox 177 563 1053 623; baseline -0.001 -16"><span class='ocrx_word' id='word_1_45' title='bbox 177 578 232 608; x_wconf 90' lang='lat' dir='ltr'>nem</span> <span class='ocrx_word' id='word_1_46' title='bbox 243 563 344 623; x_wconf 88' lang='lat' dir='ltr'>aliquam</span> <span class='ocrx_word' id='word_1_47' title='bbox 354 564 534 609; x_wconf 78' lang='lat' dir='ltr'>Alexandrinam</span> <span class='ocrx_word' id='word_1_48' title='bbox 545 565 573 609; x_wconf 91' lang='lat' dir='ltr'>de</span> <span class='ocrx_word' id='word_1_49' title='bbox 584 566 711 620; x_wconf 74' lang='lat' dir='ltr'>Punicana,</span> <span class='ocrx_word' id='word_1_50' title='bbox 721 564 844 609; x_wconf 85' lang='lat' dir='ltr'>Clementis</span> <span class='ocrx_word' id='word_1_51' title='bbox 857 563 975 621; x_wconf 77' lang='lat' dir='ltr'>magistro,</span> <span class='ocrx_word' id='word_1_52' title='bbox 992 563 1053 607; x_wconf 82' lang='lat' dir='ltr'>exhi-</span> 
     </span>
     <span class='ocr_line' id='line_1_7' title="bbox 177 634 1052 695; baseline 0 -17"><span class='ocrx_word' id='word_1_53' title='bbox 177 634 216 678; x_wconf 92' lang='lat' dir='ltr'>bet</span> <span class='ocrx_word' id='word_1_54' title='bbox 229 650 288 694; x_wconf 88' lang='lat' dir='ltr'>quae</span> <span class='ocrx_word' id='word_1_55' title='bbox 301 635 458 695; x_wconf 81' lang='lat' dir='ltr'>probabiliter</span> <span class='ocrx_word' id='word_1_56' title='bbox 468 636 497 680; x_wconf 92' lang='lat' dir='ltr'>ab</span> <span class='ocrx_word' id='word_1_57' title='bbox 513 636 563 695; x_wconf 90' lang='lat' dir='ltr'>ipso</span> <span class='ocrx_word' id='word_1_58' title='bbox 578 636 692 693; x_wconf 85' lang='lat' dir='ltr'>Clemente</span> <span class='ocrx_word' id='word_1_59' title='bbox 709 639 799 685; x_wconf 87' lang='lat' dir='ltr'>servata</span> <span class='ocrx_word' id='word_1_60' title='bbox 812 639 853 680; x_wconf 86' lang='lat' dir='ltr'>est.</span> <span class='ocrx_word' id='word_1_61' title='bbox 868 639 1009 680; x_wconf 89' lang='lat' dir='ltr'>Pantaenum</span> <span class='ocrx_word' id='word_1_62' title='bbox 1023 634 1052 678; x_wconf 91' lang='lat' dir='ltr'>ad</span> 
     </span>
     <span class='ocr_line' id='line_1_8' title="bbox 177 705 1051 768; baseline -0.001 -18"><span class='ocrx_word' id='word_1_63' title='bbox 177 706 278 766; x_wconf 91' lang='lat' dir='ltr'>populos</span> <span class='ocrx_word' id='word_1_64' title='bbox 291 706 385 752; x_wconf 88' lang='lat' dir='ltr'>orientis</span> <span class='ocrx_word' id='word_1_65' title='bbox 398 708 527 767; x_wconf 81' lang='lat' dir='ltr'>proiectum</span> <span class='ocrx_word' id='word_1_66' title='bbox 537 708 650 768; x_wconf 83' lang='lat' dir='ltr'>usquead</span> <span class='ocrx_word' id='word_1_67' title='bbox 661 708 770 752; x_wconf 85' lang='lat' dir='ltr'>Indorum</span> <span class='ocrx_word' id='word_1_68' title='bbox 783 707 901 766; x_wconf 80' lang='lat' dir='ltr'>regionem</span> <span class='ocrx_word' id='word_1_69' title='bbox 913 705 1051 766; x_wconf 85' lang='lat' dir='ltr'>pervenisse,</span> 
     </span>
     <span class='ocr_line' id='line_1_9' title="bbox 178 776 1052 839; baseline 0 -18"><span class='ocrx_word' id='word_1_70' title='bbox 178 777 219 821; x_wconf 90' lang='lat' dir='ltr'>ubi</span> <span class='ocrx_word' id='word_1_71' title='bbox 242 777 325 822; x_wconf 88' lang='lat' dir='ltr'>dicitur</span> <span class='ocrx_word' id='word_1_72' title='bbox 342 778 457 823; x_wconf 83' lang='lat' dir='ltr'>invenisse</span> <span class='ocrx_word' id='word_1_73' title='bbox 482 781 516 823; x_wconf 88' lang='lat' dir='ltr'>Ec</span> <span class='ocrx_word' id='word_1_74' title='bbox 540 795 583 824; x_wconf 88' lang='lat' dir='ltr'>sec.</span> <span class='ocrx_word' id='word_1_75' title='bbox 603 782 637 824; x_wconf 83' lang='lat' dir='ltr'>Mt</span> <span class='ocrx_word' id='word_1_76' title='bbox 658 780 719 839; x_wconf 88' lang='lat' dir='ltr'>apud</span> <span class='ocrx_word' id='word_1_77' title='bbox 738 779 848 838; x_wconf 86' lang='lat' dir='ltr'>quosdam</span> <span class='ocrx_word' id='word_1_78' title='bbox 866 777 946 822; x_wconf 85' lang='lat' dir='ltr'>fideles</span> <span class='ocrx_word' id='word_1_79' title='bbox 967 776 1052 836; x_wconf 87' lang='lat' dir='ltr'>quibus</span> 
     </span>
     <span class='ocr_line' id='line_1_10' title="bbox 178 848 1051 909; baseline -0.001 -17"><span class='ocrx_word' id='word_1_80' title='bbox 178 849 292 907; x_wconf 88' lang='lat' dir='ltr'>apostolus</span> <span class='ocrx_word' id='word_1_81' title='bbox 304 850 494 894; x_wconf 75' lang='lat' dir='ltr'>Bartholomaeus</span> <span class='ocrx_word' id='word_1_82' title='bbox 507 850 676 909; x_wconf 73' lang='lat' dir='ltr'>praedicaverit</span> <span class='ocrx_word' id='word_1_83' title='bbox 690 853 711 894; x_wconf 91' lang='lat' dir='ltr'>et</span> <span class='ocrx_word' id='word_1_84' title='bbox 721 850 807 894; x_wconf 89' lang='lat' dir='ltr'>librum</span> <span class='ocrx_word' id='word_1_85' title='bbox 822 849 928 894; x_wconf 86' lang='lat' dir='ltr'>Matthaei</span> <span class='ocrx_word' id='word_1_86' title='bbox 937 848 1051 892; x_wconf 88' lang='lat' dir='ltr'>Hebraeo·</span> 
     </span>
     <span class='ocr_line' id='line_1_11' title="bbox 177 919 1053 980; baseline 0 -18"><span class='ocrx_word' id='word_1_87' title='bbox 177 934 228 963; x_wconf 86' lang='lat' dir='ltr'>rum</span> <span class='ocrx_word' id='word_1_88' title='bbox 240 919 314 964; x_wconf 88' lang='lat' dir='ltr'>literis</span> <span class='ocrx_word' id='word_1_89' title='bbox 324 920 452 979; x_wconf 89' lang='lat' dir='ltr'>reliquerit,</span> <span class='ocrx_word' id='word_1_90' title='bbox 458 919 534 979; x_wconf 71' lang='lat' dir='ltr'>‘quem</span> <span class='ocrx_word' id='word_1_91' title='bbox 547 936 619 980; x_wconf 87' lang='lat' dir='ltr'>usque</span> <span class='ocrx_word' id='word_1_92' title='bbox 630 922 660 966; x_wconf 88' lang='lat' dir='ltr'>ad</span> <span class='ocrx_word' id='word_1_93' title='bbox 670 920 730 966; x_wconf 89' lang='lat' dir='ltr'>illud</span> <span class='ocrx_word' id='word_1_94' title='bbox 744 924 833 980; x_wconf 91' lang='lat' dir='ltr'>tempus</span> <span class='ocrx_word' id='word_1_95' title='bbox 840 921 979 980; x_wconf 87' lang='lat' dir='ltr'>superfuisse</span> <span class='ocrx_word' id='word_1_96' title='bbox 993 919 1053 962; x_wconf 83' lang='lat' dir='ltr'>dire-</span> 
     </span>
     <span class='ocr_line' id='line_1_12' title="bbox 177 990 1052 1052; baseline -0.001 -18"><span class='ocrx_word' id='word_1_97' title='bbox 177 990 231 1034; x_wconf 88' lang='lat' dir='ltr'>rint.</span> <span class='ocrx_word' id='word_1_98' title='bbox 243 994 301 1042; x_wconf 81' lang='lat' dir='ltr'>Quae</span> <span class='ocrx_word' id='word_1_99' title='bbox 315 992 343 1036; x_wconf 91' lang='lat' dir='ltr'>ab</span> <span class='ocrx_word' id='word_1_100' title='bbox 358 991 499 1051; x_wconf 73' lang='lat' dir='ltr'>Hieronymo</span> <span class='ocrx_word' id='word_1_101' title='bbox 511 991 605 1051; x_wconf 87' lang='lat' dir='ltr'>quidem</span> <span class='ocrx_word' id='word_1_102' title='bbox 617 992 689 1052; x_wconf 86' lang='lat' dir='ltr'>paulo</span> <span class='ocrx_word' id='word_1_103' title='bbox 700 992 766 1036; x_wconf 86' lang='lat' dir='ltr'>aliter</span> <span class='ocrx_word' id='word_1_104' title='bbox 776 995 907 1043; x_wconf 90' lang='lat' dir='ltr'>narrantur,</span> <span class='ocrx_word' id='word_1_105' title='bbox 924 1006 977 1035; x_wconf 91' lang='lat' dir='ltr'>cum</span> <span class='ocrx_word' id='word_1_106' title='bbox 991 990 1052 1034; x_wconf 86' lang='lat' dir='ltr'>dicat</span> 
     </span>
     <span class='ocr_line' id='line_1_13' title="bbox 178 1061 1105 1122; baseline -0.001 -16"><span class='ocrx_word' id='word_1_107' title='bbox 178 1066 317 1106; x_wconf 88' lang='lat' dir='ltr'>Pantaenum</span> <span class='ocrx_word' id='word_1_108' title='bbox 330 1064 364 1107; x_wconf 84' lang='lat' dir='ltr'>Ec</span> <span class='ocrx_word' id='word_1_109' title='bbox 379 1062 543 1108; x_wconf 84' lang='lat' dir='ltr'>Alexandriam</span> <span class='ocrx_word' id='word_1_110' title='bbox 558 1078 636 1108; x_wconf 89' lang='lat' dir='ltr'>secum</span> <span class='ocrx_word' id='word_1_111' title='bbox 656 1063 773 1109; x_wconf 85' lang='lat' dir='ltr'>detulisse.</span> <span class='ocrx_word' id='word_1_112' title='bbox 788 1063 898 1111; x_wconf 72' lang='lat' dir='ltr'>Sericum</span> <span class='ocrx_word' id='word_1_113' title='bbox 914 1062 963 1107; x_wconf 88' lang='lat' dir='ltr'>sine</span> <span class='ocrx_word' id='word_1_114' title='bbox 980 1061 1051 1122; x_wconf 83' lang='lat' dir='ltr'>dubio</span> <span class='ocrx_word' id='word_1_115' title='bbox 1103 1080 1105 1084; x_wconf 96' lang='lat'>·</span> 
     </span>
     <span class='ocr_line' id='line_1_14' title="bbox 178 1128 1051 1188; baseline -0.001 -11"><span class='ocrx_word' id='word_1_116' title='bbox 178 1133 232 1177; x_wconf 89' lang='lat' dir='ltr'>alios</span> <span class='ocrx_word' id='word_1_117' title='bbox 246 1128 319 1178; x_wconf 84' lang='lat' dir='ltr'>fontes</span> <span class='ocrx_word' id='word_1_118' title='bbox 335 1149 381 1178; x_wconf 89' lang='lat' dir='ltr'>non</span> <span class='ocrx_word' id='word_1_119' title='bbox 395 1134 510 1188; x_wconf 89' lang='lat' dir='ltr'>habuerit,</span> <span class='ocrx_word' id='word_1_120' title='bbox 526 1135 632 1179; x_wconf 88' lang='lat' dir='ltr'>standum</span> <span class='ocrx_word' id='word_1_121' title='bbox 648 1137 680 1179; x_wconf 89' lang='lat' dir='ltr'>est</span> <span class='ocrx_word' id='word_1_122' title='bbox 692 1134 772 1184; x_wconf 62' lang='lat' dir='ltr'>verbis&gt;</span> <span class='ocrx_word' id='word_1_123' title='bbox 785 1134 883 1180; x_wconf 85' lang='lat' dir='ltr'>Eusebii.</span> <span class='ocrx_word' id='word_1_124' title='bbox 895 1133 980 1178; x_wconf 86' lang='lat' dir='ltr'>Saltem</span> <span class='ocrx_word' id='word_1_125' title='bbox 997 1147 1051 1177; x_wconf 91' lang='lat' dir='ltr'>con-</span> 
     </span>
     <span class='ocr_line' id='line_1_15' title="bbox 177 1202 1051 1264; baseline -0.001 -16"><span class='ocrx_word' id='word_1_126' title='bbox 177 1207 221 1248; x_wconf 87' lang='lat' dir='ltr'>stat</span> <span class='ocrx_word' id='word_1_127' title='bbox 232 1220 258 1249; x_wconf 86' lang='lat' dir='ltr'>ex</span> <span class='ocrx_word' id='word_1_128' title='bbox 268 1204 364 1250; x_wconf 79' lang='lat' dir='ltr'>Eusebio</span> <span class='ocrx_word' id='word_1_129' title='bbox 379 1208 401 1249; x_wconf 91' lang='lat' dir='ltr'>et</span> <span class='ocrx_word' id='word_1_130' title='bbox 410 1205 550 1263; x_wconf 80' lang='lat' dir='ltr'>Hieronymo</span> <span class='ocrx_word' id='word_1_131' title='bbox 564 1205 714 1251; x_wconf 84' lang='lat' dir='ltr'>Alexandriae</span> <span class='ocrx_word' id='word_1_132' title='bbox 725 1205 872 1250; x_wconf 86' lang='lat' dir='ltr'>traditionem</span> <span class='ocrx_word' id='word_1_133' title='bbox 882 1221 895 1250; x_wconf 90' lang='lat' dir='ltr'>a</span> <span class='ocrx_word' id='word_1_134' title='bbox 905 1204 976 1264; x_wconf 89' lang='lat' dir='ltr'>Papia</span> <span class='ocrx_word' id='word_1_135' title='bbox 986 1202 1051 1248; x_wconf 90' lang='lat' dir='ltr'>inde-</span> 
     </span>
     <span class='ocr_line' id='line_1_16' title="bbox 178 1271 885 1337; baseline 0.003 -18"><span class='ocrx_word' id='word_1_136' title='bbox 178 1276 316 1336; x_wconf 73' lang='lat' dir='ltr'>pendent&#39;em</span> <span class='ocrx_word' id='word_1_137' title='bbox 325 1276 396 1320; x_wconf 86' lang='lat' dir='ltr'>luisse</span> <span class='ocrx_word' id='word_1_138' title='bbox 411 1276 440 1320; x_wconf 87' lang='lat' dir='ltr'>de</span> <span class='ocrx_word' id='word_1_139' title='bbox 453 1276 564 1321; x_wconf 89' lang='lat' dir='ltr'>hebraica</span> <span class='ocrx_word' id='word_1_140' title='bbox 578 1271 666 1335; x_wconf 88' lang='lat' dir='ltr'>origine</span> <span class='ocrx_word' id='word_1_141' title='bbox 680 1277 749 1337; x_wconf 88' lang='lat' dir='ltr'>primi</span> <span class='ocrx_word' id='word_1_142' title='bbox 761 1277 885 1335; x_wconf 77' lang='lat' dir='ltr'>Evangelii.</span> 
     </span>
    </p>

    <p class='ocr_par' dir='ltr' id='par_1_3' title="bbox 176 1347 1050 1478">
     <span class='ocr_line' id='line_1_17' title="bbox 207 1347 1050 1407; baseline 0.001 -17"><span class='ocrx_word' id='word_1_143' title='bbox 207 1347 340 1391; x_wconf 84' lang='lat' dir='ltr'>Testimonia</span> <span class='ocrx_word' id='word_1_144' title='bbox 364 1347 458 1405; x_wconf 84' lang='lat' dir='ltr'>collegit</span> <span class='ocrx_word' id='word_1_145' title='bbox 481 1348 560 1405; x_wconf 75' lang='lat' dir='ltr'>aeson,</span> <span class='ocrx_word' id='word_1_146' title='bbox 578 1348 694 1407; x_wconf 85' lang='lat' dir='ltr'>Agrapba,</span> <span class='ocrx_word' id='word_1_147' title='bbox 711 1348 928 1393; x_wconf 84' lang='lat' dir='ltr'>ausserkanonisehe</span> <span class='ocrx_word' id='word_1_148' title='bbox 945 1352 1050 1404; x_wconf 87' lang='lat' dir='ltr'>Evange-</span> 
     </span>
     <span class='ocr_line' id='line_1_18' title="bbox 176 1415 1040 1478; baseline 0.001 -16"><span class='ocrx_word' id='word_1_149' title='bbox 176 1417 355 1475; x_wconf 84' lang='lat' dir='ltr'>lienfragmente</span> <span class='ocrx_word' id='word_1_150' title='bbox 367 1418 442 1478; x_wconf 76' lang='lat' dir='ltr'>(Teate</span> <span class='ocrx_word' id='word_1_151' title='bbox 455 1418 503 1463; x_wconf 89' lang='lat' dir='ltr'>nnd</span> <span class='ocrx_word' id='word_1_152' title='bbox 519 1420 724 1477; x_wconf 86' lang='lat' dir='ltr'>Untersuchungen</span> <span class='ocrx_word' id='word_1_153' title='bbox 739 1423 829 1473; x_wconf 81' lang='lat'>5.1889,</span> <span class='ocrx_word' id='word_1_154' title='bbox 845 1421 928 1476; x_wconf 71' lang='lat' dir='ltr'>lia-ta).</span> <span class='ocrx_word' id='word_1_155' title='bbox 1038 1415 1040 1418; x_wconf 40' lang='lat'><strong><em>¹</em></strong></span> 
     </span>
    </p>

    <p class='ocr_par' dir='ltr' id='par_1_4' title="bbox 131 1489 1058 3190">
     <span class='ocr_line' id='line_1_19' title="bbox 206 1489 1047 1550; baseline -0.001 -16"><span class='ocrx_word' id='word_1_156' title='bbox 206 1490 230 1534; x_wconf 88' lang='lat' dir='ltr'>S.</span> <span class='ocrx_word' id='word_1_157' title='bbox 240 1489 377 1549; x_wconf 71' lang='lat' dir='ltr'>Hieronymi</span> <span class='ocrx_word' id='word_1_158' title='bbox 387 1489 412 1533; x_wconf 91' lang='lat' dir='ltr'>in</span> <span class='ocrx_word' id='word_1_159' title='bbox 422 1490 465 1534; x_wconf 88' lang='lat' dir='ltr'>hac</span> <span class='ocrx_word' id='word_1_160' title='bbox 475 1505 500 1534; x_wconf 89' lang='lat' dir='ltr'>re</span> <span class='ocrx_word' id='word_1_161' title='bbox 511 1493 545 1534; x_wconf 92' lang='lat' dir='ltr'>est</span> <span class='ocrx_word' id='word_1_162' title='bbox 555 1492 666 1535; x_wconf 86' lang='lat' dir='ltr'>sententie</span> <span class='ocrx_word' id='word_1_163' title='bbox 675 1495 780 1535; x_wconf 81' lang='lat' dir='ltr'>constans</span> <span class='ocrx_word' id='word_1_164' title='bbox 796 1490 832 1550; x_wconf 88' lang='lat' dir='ltr'>(de</span> <span class='ocrx_word' id='word_1_165' title='bbox 842 1490 885 1534; x_wconf 89' lang='lat' dir='ltr'>vir.</span> <span class='ocrx_word' id='word_1_166' title='bbox 896 1489 931 1533; x_wconf 94' lang='lat' dir='ltr'>ill.</span> <span class='ocrx_word' id='word_1_167' title='bbox 942 1495 964 1544; x_wconf 85' lang='lat'>3,</span> <span class='ocrx_word' id='word_1_168' title='bbox 975 1490 1047 1534; x_wconf 81' lang='lat' dir='ltr'>Praei.</span> 
     </span>
     <span class='ocr_line' id='line_1_20' title="bbox 176 1560 1048 1622; baseline 0.002 -19"><span class='ocrx_word' id='word_1_169' title='bbox 176 1560 201 1604; x_wconf 92' lang='lat' dir='ltr'>in</span> <span class='ocrx_word' id='word_1_170' title='bbox 221 1563 261 1617; x_wconf 82' lang='lat' dir='ltr'>Mt,</span> <span class='ocrx_word' id='word_1_171' title='bbox 277 1576 311 1620; x_wconf 89' lang='lat' dir='ltr'>ep.</span> <span class='ocrx_word' id='word_1_172' title='bbox 328 1561 356 1605; x_wconf 91' lang='lat' dir='ltr'>ad</span> <span class='ocrx_word' id='word_1_173' title='bbox 375 1564 475 1614; x_wconf 82' lang='lat' dir='ltr'>Damas,</span> <span class='ocrx_word' id='word_1_174' title='bbox 491 1563 564 1620; x_wconf 85' lang='lat' dir='ltr'>praef.</span> <span class='ocrx_word' id='word_1_175' title='bbox 582 1561 606 1605; x_wconf 92' lang='lat' dir='ltr'>in</span> <span class='ocrx_word' id='word_1_176' title='bbox 626 1565 734 1622; x_wconf 87' lang='lat' dir='ltr'>quattuor</span> <span class='ocrx_word' id='word_1_177' title='bbox 752 1563 806 1616; x_wconf 85' lang='lat' dir='ltr'>Hoc,</span> <span class='ocrx_word' id='word_1_178' title='bbox 828 1564 953 1606; x_wconf 80' lang='lat' dir='ltr'>Comment.</span> <span class='ocrx_word' id='word_1_179' title='bbox 975 1560 1000 1605; x_wconf 90' lang='lat' dir='ltr'>in</span> <span class='ocrx_word' id='word_1_180' title='bbox 1019 1562 1048 1615; x_wconf 83' lang='lat' dir='ltr'>Is,</span> 
     </span>
     <span class='ocr_line' id='line_1_21' title="bbox 131 1623 1046 1692; baseline 0 -17"><span class='ocrx_word' id='word_1_181' title='bbox 131 1633 133 1638; x_wconf 62' lang='lat'>‘</span> <span class='ocrx_word' id='word_1_182' title='bbox 177 1634 301 1676; x_wconf 88' lang='lat' dir='ltr'>Comment.</span> <span class='ocrx_word' id='word_1_183' title='bbox 311 1633 336 1676; x_wconf 92' lang='lat' dir='ltr'>in</span> <span class='ocrx_word' id='word_1_184' title='bbox 347 1623 391 1690; x_wconf 83' lang='lat' dir='ltr'>Os).</span> <span class='ocrx_word' id='word_1_185' title='bbox 404 1632 513 1676; x_wconf 81' lang='lat' dir='ltr'>Eiusdem</span> <span class='ocrx_word' id='word_1_186' title='bbox 523 1632 634 1692; x_wconf 90' lang='lat' dir='ltr'>temporis</span> <span class='ocrx_word' id='word_1_187' title='bbox 650 1636 703 1678; x_wconf 86' lang='lat' dir='ltr'>sunt</span> <span class='ocrx_word' id='word_1_188' title='bbox 715 1633 844 1678; x_wconf 89' lang='lat' dir='ltr'>testimonia</span> <span class='ocrx_word' id='word_1_189' title='bbox 859 1632 942 1692; x_wconf 79' lang='lat' dir='ltr'>Gprc&#39;lle&#39;</span> <span class='ocrx_word' id='word_1_190' title='bbox 958 1632 1046 1686; x_wconf 83' lang='lat' dir='ltr'>Hieros,</span> 
     </span>
     <span class='ocr_line' id='line_1_22' title="bbox 177 1703 1048 1763; baseline 0 -16"><span class='ocrx_word' id='word_1_191' title='bbox 177 1703 311 1762; x_wconf 66' lang='lat' dir='ltr'>Epr&#39;plmnii²</span> <span class='ocrx_word' id='word_1_192' title='bbox 321 1703 418 1747; x_wconf 63' lang='lat' dir='ltr'>„loconis</span> <span class='ocrx_word' id='word_1_193' title='bbox 434 1703 514 1763; x_wconf 78' lang='lat' dir='ltr'>Clu-ps.</span> <span class='ocrx_word' id='word_1_194' title='bbox 529 1704 572 1748; x_wconf 86' lang='lat' dir='ltr'>Sed</span> <span class='ocrx_word' id='word_1_195' title='bbox 588 1706 697 1763; x_wconf 89' lang='lat' dir='ltr'>quoniam</span> <span class='ocrx_word' id='word_1_196' title='bbox 709 1704 734 1748; x_wconf 93' lang='lat' dir='ltr'>hi</span> <span class='ocrx_word' id='word_1_197' title='bbox 747 1703 838 1749; x_wconf 87' lang='lat' dir='ltr'>dicendi</span> <span class='ocrx_word' id='word_1_198' title='bbox 852 1703 1048 1763; x_wconf 84' lang='lat' dir='ltr'>suntdependere</span> 
     </span>
     <span class='ocr_line' id='line_1_23' title="bbox 177 1766 1048 1835; baseline 0 -17"><span class='ocrx_word' id='word_1_199' title='bbox 177 1789 190 1818; x_wconf 91' lang='lat' dir='ltr'>a</span> <span class='ocrx_word' id='word_1_200' title='bbox 205 1774 328 1833; x_wconf 85' lang='lat' dir='ltr'>prioribus,</span> <span class='ocrx_word' id='word_1_201' title='bbox 341 1789 421 1818; x_wconf 90' lang='lat' dir='ltr'>eorum</span> <span class='ocrx_word' id='word_1_202' title='bbox 440 1774 563 1819; x_wconf 88' lang='lat' dir='ltr'>auctoritas</span> <span class='ocrx_word' id='word_1_203' title='bbox 575 1766 667 1820; x_wconf 77' lang='lat' dir='ltr'>tantum</span> <span class='ocrx_word' id='word_1_204' title='bbox 682 1776 772 1819; x_wconf 88' lang='lat' dir='ltr'>videtur</span> <span class='ocrx_word' id='word_1_205' title='bbox 783 1775 938 1835; x_wconf 81' lang='lat' dir='ltr'>antiquiorum</span> <span class='ocrx_word' id='word_1_206' title='bbox 956 1773 1048 1823; x_wconf 86' lang='lat' dir='ltr'>senten-</span> 
     </span>
     <span class='ocr_line' id='line_1_24' title="bbox 176 1845 1048 1906; baseline 0.001 -18"><span class='ocrx_word' id='word_1_207' title='bbox 176 1845 232 1889; x_wconf 89' lang='lat' dir='ltr'>tiam</span> <span class='ocrx_word' id='word_1_208' title='bbox 241 1845 383 1890; x_wconf 82' lang='lat' dir='ltr'>confirmare.</span> <span class='ocrx_word' id='word_1_209' title='bbox 396 1848 424 1889; x_wconf 90' lang='lat' dir='ltr'>At</span> <span class='ocrx_word' id='word_1_210' title='bbox 439 1845 513 1905; x_wconf 85' lang='lat' dir='ltr'>ipsius</span> <span class='ocrx_word' id='word_1_211' title='bbox 526 1845 613 1906; x_wconf 77' lang='lat' dir='ltr'>Papiae</span> <span class='ocrx_word' id='word_1_212' title='bbox 627 1846 782 1891; x_wconf 86' lang='lat' dir='ltr'>testimonium</span> <span class='ocrx_word' id='word_1_213' title='bbox 801 1846 847 1891; x_wconf 89' lang='lat' dir='ltr'>tale</span> <span class='ocrx_word' id='word_1_214' title='bbox 864 1850 903 1900; x_wconf 88' lang='lat' dir='ltr'>est,</span> <span class='ocrx_word' id='word_1_215' title='bbox 920 1850 945 1890; x_wconf 90' lang='lat' dir='ltr'>ut</span> <span class='ocrx_word' id='word_1_216' title='bbox 960 1849 1048 1890; x_wconf 89' lang='lat' dir='ltr'>certum</span> 
     </span>
     <span class='ocr_line' id='line_1_25' title="bbox 177 1916 1048 1976; baseline 0 -16"><span class='ocrx_word' id='word_1_217' title='bbox 177 1917 270 1960; x_wconf 89' lang='lat' dir='ltr'>omnino</span> <span class='ocrx_word' id='word_1_218' title='bbox 283 1916 384 1961; x_wconf 88' lang='lat' dir='ltr'>veritatis</span> <span class='ocrx_word' id='word_1_219' title='bbox 398 1917 563 1961; x_wconf 81' lang='lat' dir='ltr'>documentum</span> <span class='ocrx_word' id='word_1_220' title='bbox 576 1917 713 1963; x_wconf 90' lang='lat' dir='ltr'>censendum</span> <span class='ocrx_word' id='word_1_221' title='bbox 726 1917 761 1962; x_wconf 90' lang='lat' dir='ltr'>sit.</span> <span class='ocrx_word' id='word_1_222' title='bbox 775 1919 808 1962; x_wconf 90' lang='lat' dir='ltr'>lta</span> <span class='ocrx_word' id='word_1_223' title='bbox 823 1918 884 1961; x_wconf 90' lang='lat' dir='ltr'>enim</span> <span class='ocrx_word' id='word_1_224' title='bbox 901 1917 1011 1976; x_wconf 77' lang='lat' dir='ltr'>loquitur,</span> <span class='ocrx_word' id='word_1_225' title='bbox 1023 1921 1048 1960; x_wconf 91' lang='lat' dir='ltr'>ut</span> 
     </span>
     <span class='ocr_line' id='line_1_26' title="bbox 177 1987 1047 2043; baseline -0.001 -11"><span class='ocrx_word' id='word_1_226' title='bbox 177 1987 264 2033; x_wconf 88' lang='lat' dir='ltr'>eluceat</span> <span class='ocrx_word' id='word_1_227' title='bbox 271 2002 322 2032; x_wconf 88' lang='lat' dir='ltr'>eum</span> <span class='ocrx_word' id='word_1_228' title='bbox 328 2003 408 2043; x_wconf 84' lang='lat' dir='ltr'>veram</span> <span class='ocrx_word' id='word_1_229' title='bbox 414 1988 449 2032; x_wconf 89' lang='lat' dir='ltr'>rei</span> <span class='ocrx_word' id='word_1_230' title='bbox 456 1988 566 2033; x_wconf 86' lang='lat' dir='ltr'>habuisse</span> <span class='ocrx_word' id='word_1_231' title='bbox 573 1988 687 2042; x_wconf 87' lang='lat' dir='ltr'>notitiam,</span> <span class='ocrx_word' id='word_1_232' title='bbox 700 1988 1047 2034; x_wconf 83' lang='lat' dir='ltr'>Matthaenmscilicetbebraico</span> 
     </span>
     <span class='ocr_line' id='line_1_27' title="bbox 176 2055 1047 2119; baseline -0.001 -15"><span class='ocrx_word' id='word_1_233' title='bbox 176 2073 279 2104; x_wconf 86' lang='lat' dir='ltr'>sermone</span> <span class='ocrx_word' id='word_1_234' title='bbox 293 2059 399 2119; x_wconf 90' lang='lat' dir='ltr'>primitus</span> <span class='ocrx_word' id='word_1_235' title='bbox 409 2059 533 2119; x_wconf 87' lang='lat' dir='ltr'>scripsisse,</span> <span class='ocrx_word' id='word_1_236' title='bbox 551 2059 632 2104; x_wconf 88' lang='lat' dir='ltr'>eteius</span> <span class='ocrx_word' id='word_1_237' title='bbox 648 2055 733 2104; x_wconf 85' lang='lat' dir='ltr'>librum</span> <span class='ocrx_word' id='word_1_238' title='bbox 745 2060 820 2115; x_wconf 83' lang='lat' dir='ltr'>initio,</span> <span class='ocrx_word' id='word_1_239' title='bbox 835 2060 928 2105; x_wconf 87' lang='lat' dir='ltr'>fortasse</span> <span class='ocrx_word' id='word_1_240' title='bbox 942 2059 1047 2116; x_wconf 79' lang='lat' dir='ltr'>longiore</span> 
     </span>
     <span class='ocr_line' id='line_1_28' title="bbox 144 2130 1046 2191; baseline -0.001 -16"><span class='ocrx_word' id='word_1_241' title='bbox 144 2156 146 2158; x_wconf 91' lang='lat'>·</span> <span class='ocrx_word' id='word_1_242' title='bbox 176 2136 286 2191; x_wconf 88' lang='lat' dir='ltr'>tempore,</span> <span class='ocrx_word' id='word_1_243' title='bbox 301 2130 433 2175; x_wconf 87' lang='lat' dir='ltr'>adhibitum</span> <span class='ocrx_word' id='word_1_244' title='bbox 449 2145 497 2175; x_wconf 86' lang='lat' dir='ltr'>esse</span> <span class='ocrx_word' id='word_1_245' title='bbox 514 2146 527 2174; x_wconf 88' lang='lat' dir='ltr'>a</span> <span class='ocrx_word' id='word_1_246' title='bbox 543 2130 742 2191; x_wconf 82' lang='lat' dir='ltr'>praedicatoribus</span> <span class='ocrx_word' id='word_1_247' title='bbox 758 2135 780 2175; x_wconf 90' lang='lat' dir='ltr'>et</span> <span class='ocrx_word' id='word_1_248' title='bbox 796 2131 911 2189; x_wconf 83' lang='lat' dir='ltr'>magistris</span> <span class='ocrx_word' id='word_1_249' title='bbox 926 2131 1046 2189; x_wconf 87' lang='lat' dir='ltr'>utriusque</span> 
     </span>
     <span class='ocr_line' id='line_1_29' title="bbox 175 2193 1046 2262; baseline 0.002 -17"><span class='ocrx_word' id='word_1_250' title='bbox 175 2202 267 2260; x_wconf 85' lang='lat' dir='ltr'>linguae</span> <span class='ocrx_word' id='word_1_251' title='bbox 278 2201 400 2246; x_wconf 84' lang='lat' dir='ltr'>hebraicae</span> <span class='ocrx_word' id='word_1_252' title='bbox 411 2204 434 2246; x_wconf 92' lang='lat' dir='ltr'>et</span> <span class='ocrx_word' id='word_1_253' title='bbox 446 2216 545 2259; x_wconf 85' lang='lat' dir='ltr'>graecae</span> <span class='ocrx_word' id='word_1_254' title='bbox 558 2193 644 2260; x_wconf 83' lang='lat' dir='ltr'>gnaris,</span> <span class='ocrx_word' id='word_1_255' title='bbox 657 2202 697 2261; x_wconf 88' lang='lat' dir='ltr'>qni</span> <span class='ocrx_word' id='word_1_256' title='bbox 711 2217 754 2262; x_wconf 92' lang='lat' dir='ltr'>prc</span> <span class='ocrx_word' id='word_1_257' title='bbox 769 2216 810 2248; x_wconf 87' lang='lat' dir='ltr'>sua</span> <span class='ocrx_word' id='word_1_258' title='bbox 828 2202 924 2262; x_wconf 88' lang='lat' dir='ltr'>quisque</span> <span class='ocrx_word' id='word_1_259' title='bbox 936 2202 1046 2247; x_wconf 80' lang='lat' dir='ltr'>facultate</span> 
     </span>
     <span class='ocr_line' id='line_1_30' title="bbox 174 2273 1045 2333; baseline 0 -15"><span class='ocrx_word' id='word_1_260' title='bbox 174 2274 386 2333; x_wconf 86' lang='lat' dir='ltr'>interpretationem</span> <span class='ocrx_word' id='word_1_261' title='bbox 407 2288 517 2331; x_wconf 87' lang='lat' dir='ltr'>graecam</span> <span class='ocrx_word' id='word_1_262' title='bbox 537 2274 683 2319; x_wconf 89' lang='lat' dir='ltr'>tentaverint.</span> <span class='ocrx_word' id='word_1_263' title='bbox 700 2274 763 2325; x_wconf 79' lang='lat' dir='ltr'>Quod</span> <span class='ocrx_word' id='word_1_264' title='bbox 784 2273 875 2319; x_wconf 87' lang='lat' dir='ltr'>videtur</span> <span class='ocrx_word' id='word_1_265' title='bbox 891 2274 978 2318; x_wconf 85' lang='lat' dir='ltr'>factum</span> <span class='ocrx_word' id='word_1_266' title='bbox 998 2289 1045 2318; x_wconf 90' lang='lat' dir='ltr'>esse</span> 
     </span>
     <span class='ocr_line' id='line_1_31' title="bbox 174 2344 1047 2405; baseline -0.001 -16"><span class='ocrx_word' id='word_1_267' title='bbox 174 2345 317 2405; x_wconf 86' lang='lat' dir='ltr'>potissimum</span> <span class='ocrx_word' id='word_1_268' title='bbox 334 2345 359 2389; x_wconf 90' lang='lat' dir='ltr'>in</span> <span class='ocrx_word' id='word_1_269' title='bbox 373 2344 425 2390; x_wconf 91' lang='lat' dir='ltr'>Asia</span> <span class='ocrx_word' id='word_1_270' title='bbox 443 2345 530 2389; x_wconf 89' lang='lat' dir='ltr'>minore</span> <span class='ocrx_word' id='word_1_271' title='bbox 549 2345 589 2389; x_wconf 91' lang='lat' dir='ltr'>ubi</span> <span class='ocrx_word' id='word_1_272' title='bbox 606 2346 684 2405; x_wconf 88' lang='lat' dir='ltr'>Papias</span> <span class='ocrx_word' id='word_1_273' title='bbox 698 2346 748 2404; x_wconf 88' lang='lat' dir='ltr'>ipse</span> <span class='ocrx_word' id='word_1_274' title='bbox 764 2345 813 2399; x_wconf 84' lang='lat' dir='ltr'>fuit,</span> <span class='ocrx_word' id='word_1_275' title='bbox 832 2349 901 2405; x_wconf 84' lang='lat' dir='ltr'>atque</span> <span class='ocrx_word' id='word_1_276' title='bbox 919 2345 948 2388; x_wconf 88' lang='lat' dir='ltr'>ab</span> <span class='ocrx_word' id='word_1_277' title='bbox 963 2345 991 2388; x_wconf 91' lang='lat' dir='ltr'>iis</span> <span class='ocrx_word' id='word_1_278' title='bbox 1007 2346 1047 2404; x_wconf 89' lang='lat' dir='ltr'>qui</span> 
     </span>
     <span class='ocr_line' id='line_1_32' title="bbox 174 2415 1046 2476; baseline 0.001 -16"><span class='ocrx_word' id='word_1_279' title='bbox 174 2421 268 2476; x_wconf 87' lang='lat' dir='ltr'>propter</span> <span class='ocrx_word' id='word_1_280' title='bbox 276 2416 364 2461; x_wconf 89' lang='lat' dir='ltr'>bellum</span> <span class='ocrx_word' id='word_1_281' title='bbox 372 2415 490 2460; x_wconf 84' lang='lat' dir='ltr'>iudaicam</span> <span class='ocrx_word' id='word_1_282' title='bbox 502 2416 629 2461; x_wconf 89' lang='lat' dir='ltr'>Palaestina</span> <span class='ocrx_word' id='word_1_283' title='bbox 639 2417 718 2461; x_wconf 90' lang='lat' dir='ltr'>relicta</span> <span class='ocrx_word' id='word_1_284' title='bbox 727 2417 751 2461; x_wconf 90' lang='lat' dir='ltr'>in</span> <span class='ocrx_word' id='word_1_285' title='bbox 762 2417 837 2463; x_wconf 82' lang='lat' dir='ltr'>Asiam</span> <span class='ocrx_word' id='word_1_286' title='bbox 848 2418 961 2461; x_wconf 85' lang='lat' dir='ltr'>minorem</span> <span class='ocrx_word' id='word_1_287' title='bbox 973 2431 1046 2461; x_wconf 88' lang='lat' dir='ltr'>seces-</span> 
     </span>
     <span class='ocr_line' id='line_1_33' title="bbox 174 2486 1046 2547; baseline -0.001 -14"><span class='ocrx_word' id='word_1_288' title='bbox 174 2491 260 2533; x_wconf 89' lang='lat' dir='ltr'>serunt.</span> <span class='ocrx_word' id='word_1_289' title='bbox 273 2488 315 2545; x_wconf 88' lang='lat' dir='ltr'>Agl</span> <span class='ocrx_word' id='word_1_290' title='bbox 326 2490 402 2532; x_wconf 89' lang='lat' dir='ltr'>autem</span> <span class='ocrx_word' id='word_1_291' title='bbox 418 2487 494 2531; x_wconf 90' lang='lat' dir='ltr'>verbis</span> <span class='ocrx_word' id='word_1_292' title='bbox 508 2487 590 2547; x_wconf 85' lang='lat' dir='ltr'>Papiae</span> <span class='ocrx_word' id='word_1_293' title='bbox 605 2488 632 2532; x_wconf 87' lang='lat' dir='ltr'>de</span> <span class='ocrx_word' id='word_1_294' title='bbox 643 2488 871 2547; x_wconf 84' lang='lat' dir='ltr'>interpretationibus</span> <span class='ocrx_word' id='word_1_295' title='bbox 882 2486 985 2532; x_wconf 88' lang='lat' dir='ltr'>oralibus</span> <span class='ocrx_word' id='word_1_296' title='bbox 999 2502 1046 2533; x_wconf 92' lang='lat' dir='ltr'>non</span> 
     </span>
     <span class='ocr_line' id='line_1_34' title="bbox 174 2548 1058 2619; baseline -0.001 -15"><span class='ocrx_word' id='word_1_297' title='bbox 174 2560 262 2619; x_wconf 90' lang='lat' dir='ltr'>scriptis</span> <span class='ocrx_word' id='word_1_298' title='bbox 276 2574 302 2602; x_wconf 78' lang='lat' dir='ltr'>ex</span> <span class='ocrx_word' id='word_1_299' title='bbox 314 2558 380 2602; x_wconf 88' lang='lat' dir='ltr'>modo</span> <span class='ocrx_word' id='word_1_300' title='bbox 393 2557 505 2617; x_wconf 89' lang='lat' dir='ltr'>loquendi</span> <span class='ocrx_word' id='word_1_301' title='bbox 518 2562 588 2618; x_wconf 88' lang='lat' dir='ltr'>patet.</span> <span class='ocrx_word' id='word_1_302' title='bbox 607 2559 715 2603; x_wconf 85' lang='lat' dir='ltr'>Similiter</span> <span class='ocrx_word' id='word_1_303' title='bbox 725 2558 796 2603; x_wconf 87' lang='lat' dir='ltr'>verba</span> <span class='ocrx_word' id='word_1_304' title='bbox 807 2560 938 2613; x_wconf 84' lang='lat' dir='ltr'>ostendunt,</span> <span class='ocrx_word' id='word_1_305' title='bbox 950 2574 977 2603; x_wconf 92' lang='lat' dir='ltr'>eo</span> <span class='ocrx_word' id='word_1_306' title='bbox 988 2548 1058 2603; x_wconf 34' lang='lat' dir='ltr'>tem-⁵</span> 
     </span>
     <span class='ocr_line' id='line_1_35' title="bbox 173 2629 1047 2690; baseline 0.001 -16"><span class='ocrx_word' id='word_1_307' title='bbox 173 2646 229 2690; x_wconf 88' lang='lat' dir='ltr'>pore</span> <span class='ocrx_word' id='word_1_308' title='bbox 247 2646 292 2690; x_wconf 86' lang='lat' dir='ltr'>quo</span> <span class='ocrx_word' id='word_1_309' title='bbox 310 2629 391 2689; x_wconf 89' lang='lat' dir='ltr'>Papias</span> <span class='ocrx_word' id='word_1_310' title='bbox 413 2629 541 2689; x_wconf 88' lang='lat' dir='ltr'>scripserit,</span> <span class='ocrx_word' id='word_1_311' title='bbox 556 2631 618 2674; x_wconf 88' lang='lat' dir='ltr'>bunc</span> <span class='ocrx_word' id='word_1_312' title='bbox 634 2632 716 2674; x_wconf 90' lang='lat' dir='ltr'>statum</span> <span class='ocrx_word' id='word_1_313' title='bbox 734 2644 782 2674; x_wconf 90' lang='lat' dir='ltr'>esse</span> <span class='ocrx_word' id='word_1_314' title='bbox 800 2633 920 2675; x_wconf 87' lang='lat' dir='ltr'>mutatum.</span> <span class='ocrx_word' id='word_1_315' title='bbox 932 2630 954 2675; x_wconf 87' lang='lat' dir='ltr'>Si</span> <span class='ocrx_word' id='word_1_316' title='bbox 967 2634 1047 2675; x_wconf 90' lang='lat' dir='ltr'>auctor</span> 
     </span>
     <span class='ocr_line' id='line_1_36' title="bbox 173 2693 1044 2761; baseline -0.002 -14"><span class='ocrx_word' id='word_1_317' title='bbox 173 2701 349 2755; x_wconf 86' lang='lat' dir='ltr'>recentissimus,</span> <span class='ocrx_word' id='word_1_318' title='bbox 361 2700 493 2746; x_wconf 73' lang='lat' dir='ltr'>Sobrietate</span> <span class='ocrx_word' id='word_1_319' title='bbox 502 2701 540 2757; x_wconf 82' lang='lat' dir='ltr'>A,</span> <span class='ocrx_word' id='word_1_320' title='bbox 549 2701 629 2746; x_wconf 89' lang='lat' dir='ltr'>asserit</span> <span class='ocrx_word' id='word_1_321' title='bbox 639 2693 714 2746; x_wconf 88' lang='lat' dir='ltr'>verbis</span> <span class='ocrx_word' id='word_1_322' title='bbox 729 2701 810 2761; x_wconf 89' lang='lat' dir='ltr'>Papiae</span> <span class='ocrx_word' id='word_1_323' title='bbox 820 2700 878 2745; x_wconf 88' lang='lat' dir='ltr'>nihil</span> <span class='ocrx_word' id='word_1_324' title='bbox 887 2700 1044 2756; x_wconf 88' lang='lat' dir='ltr'>determinari,</span> 
     </span>
     <span class='ocr_line' id='line_1_37' title="bbox 173 2771 1043 2832; baseline -0.002 -14"><span class='ocrx_word' id='word_1_325' title='bbox 173 2774 213 2818; x_wconf 85' lang='lat' dir='ltr'>sed</span> <span class='ocrx_word' id='word_1_326' title='bbox 224 2775 314 2818; x_wconf 84' lang='lat' dir='ltr'>tantum</span> <span class='ocrx_word' id='word_1_327' title='bbox 326 2771 374 2829; x_wconf 88' lang='lat' dir='ltr'>tegi</span> <span class='ocrx_word' id='word_1_328' title='bbox 384 2772 542 2829; x_wconf 87' lang='lat' dir='ltr'>ignorantiam</span> <span class='ocrx_word' id='word_1_329' title='bbox 551 2773 663 2832; x_wconf 86' lang='lat' dir='ltr'>temporis</span> <span class='ocrx_word' id='word_1_330' title='bbox 679 2776 701 2817; x_wconf 92' lang='lat' dir='ltr'>et</span> <span class='ocrx_word' id='word_1_331' title='bbox 714 2773 812 2818; x_wconf 88' lang='lat' dir='ltr'>auctoris</span> <span class='ocrx_word' id='word_1_332' title='bbox 820 2772 929 2817; x_wconf 89' lang='lat' dir='ltr'>versionis</span> <span class='ocrx_word' id='word_1_333' title='bbox 940 2787 1043 2830; x_wconf 83' lang='lat' dir='ltr'>graecae,</span> 
     </span>
     <span class='ocr_line' id='line_1_38' title="bbox 174 2843 1046 2903; baseline 0 -16"><span class='ocrx_word' id='word_1_334' title='bbox 174 2844 258 2903; x_wconf 88' lang='lat' dir='ltr'>quippe</span> <span class='ocrx_word' id='word_1_335' title='bbox 273 2859 330 2903; x_wconf 90' lang='lat' dir='ltr'>quae</span> <span class='ocrx_word' id='word_1_336' title='bbox 347 2857 478 2902; x_wconf 89' lang='lat' dir='ltr'>numquam</span> <span class='ocrx_word' id='word_1_337' title='bbox 493 2844 553 2887; x_wconf 86' lang='lat' dir='ltr'>facta</span> <span class='ocrx_word' id='word_1_338' title='bbox 567 2844 603 2898; x_wconf 90' lang='lat' dir='ltr'>sit,</span> <span class='ocrx_word' id='word_1_339' title='bbox 614 2858 671 2888; x_wconf 81' lang='lat' dir='ltr'>cum</span> <span class='ocrx_word' id='word_1_340' title='bbox 688 2845 722 2887; x_wconf 82' lang='lat' dir='ltr'>Mt</span> <span class='ocrx_word' id='word_1_341' title='bbox 732 2843 838 2903; x_wconf 88' lang='lat' dir='ltr'>primitus</span> <span class='ocrx_word' id='word_1_342' title='bbox 853 2858 935 2901; x_wconf 86' lang='lat' dir='ltr'>graece</span> <span class='ocrx_word' id='word_1_343' title='bbox 948 2843 1046 2902; x_wconf 88' lang='lat' dir='ltr'>scriptus</span> 
     </span>
     <span class='ocr_line' id='line_1_39' title="bbox 173 2914 1046 2975; baseline -0.001 -16"><span class='ocrx_word' id='word_1_344' title='bbox 173 2915 210 2969; x_wconf 85' lang='lat' dir='ltr'>sit,</span> <span class='ocrx_word' id='word_1_345' title='bbox 225 2917 265 2959; x_wconf 88' lang='lat' dir='ltr'>boc</span> <span class='ocrx_word' id='word_1_346' title='bbox 280 2930 326 2959; x_wconf 92' lang='lat' dir='ltr'>non</span> <span class='ocrx_word' id='word_1_347' title='bbox 340 2914 416 2959; x_wconf 91' lang='lat' dir='ltr'>solum</span> <span class='ocrx_word' id='word_1_348' title='bbox 435 2928 532 2974; x_wconf 86' lang='lat' dir='ltr'>prorsus</span> <span class='ocrx_word' id='word_1_349' title='bbox 550 2914 669 2959; x_wconf 82' lang='lat' dir='ltr'>arbitraria</span> <span class='ocrx_word' id='word_1_350' title='bbox 687 2914 802 2970; x_wconf 85' lang='lat' dir='ltr'>statuitur,</span> <span class='ocrx_word' id='word_1_351' title='bbox 817 2915 856 2959; x_wconf 88' lang='lat' dir='ltr'>scd</span> <span class='ocrx_word' id='word_1_352' title='bbox 870 2915 914 2975; x_wconf 88' lang='lat' dir='ltr'>ipsi</span> <span class='ocrx_word' id='word_1_353' title='bbox 930 2914 1046 2959; x_wconf 82' lang='lat' dir='ltr'>contextui</span> 
     </span>
     <span class='ocr_line' id='line_1_40' title="bbox 173 2985 1046 3047; baseline -0.002 -16"><span class='ocrx_word' id='word_1_354' title='bbox 173 2989 194 3031; x_wconf 89' lang='lat' dir='ltr'>et</span> <span class='ocrx_word' id='word_1_355' title='bbox 211 2985 320 3030; x_wconf 83' lang='lat' dir='ltr'>indubiae</span> <span class='ocrx_word' id='word_1_356' title='bbox 341 2986 462 3030; x_wconf 87' lang='lat' dir='ltr'>assertioni</span> <span class='ocrx_word' id='word_1_357' title='bbox 482 2986 612 3030; x_wconf 88' lang='lat' dir='ltr'>formaliter</span> <span class='ocrx_word' id='word_1_358' title='bbox 632 2987 775 3041; x_wconf 82' lang='lat' dir='ltr'>contradicit,</span> <span class='ocrx_word' id='word_1_359' title='bbox 794 2986 849 3047; x_wconf 88' lang='lat' dir='ltr'>quia</span> <span class='ocrx_word' id='word_1_360' title='bbox 868 3001 915 3031; x_wconf 93' lang='lat' dir='ltr'>non</span> <span class='ocrx_word' id='word_1_361' title='bbox 933 2985 1046 3044; x_wconf 85' lang='lat' dir='ltr'>agebatur</span> 
     </span>
     <span class='ocr_line' id='line_1_41' title="bbox 172 3056 1045 3117; baseline -0.002 -15"><span class='ocrx_word' id='word_1_362' title='bbox 172 3058 200 3102; x_wconf 91' lang='lat' dir='ltr'>de</span> <span class='ocrx_word' id='word_1_363' title='bbox 212 3061 314 3115; x_wconf 90' lang='lat' dir='ltr'>tempore</span> <span class='ocrx_word' id='word_1_364' title='bbox 327 3061 366 3101; x_wconf 91' lang='lat' dir='ltr'>aut</span> <span class='ocrx_word' id='word_1_365' title='bbox 389 3060 483 3103; x_wconf 87' lang='lat' dir='ltr'>auctore</span> <span class='ocrx_word' id='word_1_366' title='bbox 498 3057 702 3117; x_wconf 85' lang='lat' dir='ltr'>interpretationis,</span> <span class='ocrx_word' id='word_1_367' title='bbox 725 3058 806 3112; x_wconf 84' lang='lat' dir='ltr'>sedda</span> <span class='ocrx_word' id='word_1_368' title='bbox 820 3061 883 3103; x_wconf 83' lang='lat' dir='ltr'>statu·</span> <span class='ocrx_word' id='word_1_369' title='bbox 894 3059 934 3116; x_wconf 89' lang='lat' dir='ltr'>qui</span> <span class='ocrx_word' id='word_1_370' title='bbox 948 3072 991 3117; x_wconf 91' lang='lat' dir='ltr'>per</span> <span class='ocrx_word' id='word_1_371' title='bbox 1001 3056 1045 3101; x_wconf 90' lang='lat' dir='ltr'>ali-</span> 
     </span>
     <span class='ocr_line' id='line_1_42' title="bbox 172 3129 1039 3190; baseline 0 -17"><span class='ocrx_word' id='word_1_372' title='bbox 172 3129 234 3190; x_wconf 88' lang='lat' dir='ltr'>quod</span> <span class='ocrx_word' id='word_1_373' title='bbox 248 3132 337 3188; x_wconf 87' lang='lat' dir='ltr'>tempus</span> <span class='ocrx_word' id='word_1_374' title='bbox 351 3129 487 3187; x_wconf 88' lang='lat' dir='ltr'>perduravit</span> <span class='ocrx_word' id='word_1_375' title='bbox 497 3134 519 3173; x_wconf 91' lang='lat' dir='ltr'>et</span> <span class='ocrx_word' id='word_1_376' title='bbox 532 3130 671 3189; x_wconf 86' lang='lat' dir='ltr'>perdurasse</span> <span class='ocrx_word' id='word_1_377' title='bbox 687 3133 768 3175; x_wconf 89' lang='lat' dir='ltr'>ateste</span> <span class='ocrx_word' id='word_1_378' title='bbox 783 3130 867 3174; x_wconf 90' lang='lat' dir='ltr'>idoneo</span> <span class='ocrx_word' id='word_1_379' title='bbox 878 3129 1014 3174; x_wconf 71' lang='lat' dir='ltr'>affirmatur,</span> <span class='ocrx_word' id='word_1_380' title='bbox 1038 3178 1039 3181; x_wconf 8' lang='grc' dir='ltr'><strong>Ἰ</strong></span> 
     </span>
    </p>
   </div>
   <div class='ocr_carea' id='block_1_3' title="bbox 0 0 1124 3511">
    <p class='ocr_par' dir='ltr' id='par_1_5' title="bbox 0 0 1124 3511">
     <span class='ocr_line' id='line_1_43' title="bbox 0 0 1124 3511; baseline 0 2"><span class='ocrx_word' id='word_1_381' title='bbox 0 0 1124 3511; x_wconf 95' lang='lat' dir='ltr'> </span> 
     </span>
    </p>
   </div>
  </div>
 </body>
</html>
