2239 3511
130 163 169 202 cro
487 166 563 196 cinam.
580 158 598 206 8,
615 157 647 196 ic.

130 256 177 303 dita
187 258 327 311 conditione⁷
338 259 478 301 affirmantes
486 270 603 314 nunquam
614 255 727 311 absolute,
742 257 781 300 sed
790 273 842 302 eum
852 260 982 319 exceptione
993 274 998 303 τ
1053 275 1066 318 j

129 329 173 374 nisi
192 331 247 388 quid
264 327 327 372 aliud
345 326 468 387 impediat,
489 326 654 384 intelligantur.
677 353 706 359 -
724 327 825 372 Eandem
845 330 1000 375 conditionem

129 400 208 443 veniae
222 400 323 443 Christus
336 393 425 458 saepius
437 398 548 451 inculcat3
562 396 614 442 vide
624 403 677 453 5‚2b
691 401 712 442 et
726 403 792 453 18‚35
806 401 857 443 Luc.
874 403 938 456 c,37;
952 416 1000 445 rem
1056 393 1058 396 ’

128 470 200 527 igitur
218 470 271 515 satis
284 470 412 524 difficilem,
433 484 485 514 cum
503 468 617 513 vindictae
631 469 742 529 cupiditas
755 472 777 513 et
793 469 896 532 voluptas
914 462 1002 515 animos*

128 541 249 586 hominum
261 541 359 603 maxime
372 543 448 585 teneat
461 541 559 600 captivos
569 543 591 585 et
603 540 700 586 iniuriae
712 544 817 601 acceptae
830 542 883 586 odia
893 545 914 586 et
923 540 999 598 inimi-

129 613 192 657 citias
202 627 313 673 perennes
323 612 446 657 accendere
455 611 554 668 soleant,
564 628 578 657 a
587 625 610 657 se
618 612 719 673 praecipi
727 610 766 658 sed
776 612 844 657 simul
852 612 1000 658 necessariam

129 685 188 729 clare
201 684 360 730 manifestavit.
379 698 382 705 ¹

430 819 446 861 b)
459 818 491 851 De
503 817 584 853 ieiunio
597 819 618 862 6,
633 818 705 853 16-18.

153 931 202 972 6716.
214 931 260 965 Cum
270 933 333 965 auteur
341 931 439 972 ieiunatis
451 930 508 964 nolite
515 930 555 963 fieri
605 930 653 971 cic.
667 927 719 964 Ὅταν
732 928 749 963 δὲ
759 928 852 974 νηστεύητε,
864 927 887 977 μὴ
902 929 967 976 γίνεσθε
979 928 1000 969 ὡς

105 979 107 984 ’
128 991 175 1023 sicut
200 977 308 1032 hipocritae
331 991 404 1030 tristes;
430 990 555 1026 exterminant
579 986 799 1034 οίύτοαριταίσαυύρωαοί·
815 987 919 1035 ἀφανίζουσιν
932 986 964 1034 γὰρ
980 986 1000 1022 τὰ

128 1050 178 1082 enim
187 1049 244 1082 iacies
253 1050 328 1087 suasut
337 1052 439 1092 appareant
449 1050 554 1087 hominibus
578 1047 658 1094 πρόσωπα
668 1045 729 1082 ἑαυτῶν
744 1047 788 1088 ὅπως
802 1050 874 1093 φανῶσιν
888 1050 922 1087 τοῖς
936 1046 1009 1093 ἀνθρώ»

127 1108 232 1142 ieiunantes
236 1118 241 1149 3
256 1117 310 1142 amen
321 1109 362 1142 dico
376 1108 435 1149 uobis]
447 1109 491 1151 quia
500 1117 552 1142 rece·
577 1119 613 1147 ποις
623 1106 733 1152 νηστεύοντες·
743 1105 787 1155 ἀμὴν
798 1107 843 1155 λέγω
852 1106 898 1156 ύμῖν,
910 1105 998 1154 ἀπέχουσιν

127 1170 195 1209 perunt
210 1168 315 1201 mercedem
331 1176 392 1201 suam.
408 1167 434 1200 17.
450 1166 477 1201 Tu
492 1169 553 1201 autem
577 1166 604 1201 τὸν
621 1161 692 1214 μισθὸν
705 1166 764 1204 αὐτῶν.
786 1169 813 1203 17.
833 1166 852 1201 σύ
876 1165 894 1201 δὲ
916 1166 999 1211 νηστεύων

127 1236 169 1260 oum
179 1228 261 1268 ieiunas,
272 1236 322 1270 unge
332 1228 388 1269 caput
397 1227 448 1260 tuum
459 1228 478 1260 et
487 1226 552 1260 taciem
576 1225 643 1274 ἄλειψαί
650 1238 679 1261 σου
687 1224 716 1270 τὴν
725 1224 797 1273 κεφαλὴν
807 1225 835 1261 καί
844 1226 863 1261 τί)
872 1225 959 1273 πρόσωπόν
970 1238 999 1260 σου

127 1287 179 1320 tuam
195 1287 249 1329 lava,
267 1286 295 1320 18.
310 1295 334 1320 ne
350 1287 430 1320 videaris
445 1286 552 1320 hominibus
577 1285 627 1333 νίψαι,
647 1288 674 1323 18.
694 1286 736 1327 ὅπως
758 1284 780 1333 μὴ
799 1287 850 1334 φανῇς
864 1285 946 1330 νηστεύων
965 1286 999 1326 τοῖς

128 1347 214 1379 ieiunans
224 1345 257 1380 sed
267 1346 319 1380 Patri
325 1346 358 1379 tuo
368 1346 400 1388 qui
410 1348 438 1379 est
448 1347 467 1378 in
476 1346 552 1379 abscon·
577 1345 675 1393 ἀνθρώποις,
689 1344 733 1381 ἀλλὰ
750 1349 773 1393 τῷ
791 1346 840 1392 πατρί
852 1357 881 1380 σου
897 1348 921 1392 τῷ
939 1344 955 1380 ἐν
976 1348 999 1392 τῷ

128 1406 176 1447 dito,
187 1407 206 1439 et
220 1406 275 1440 Pater
284 1408 329 1440 tuus
339 1406 371 1447 qui
385 1405 464 1438 videtin
473 1405 551 1439 abscon·
576 1404 659 1452 κρυφαίῳ,
672 1404 701 1439 cci
715 1404 790 1451 ὁτατηρ
803 1416 831 1438 σου
844 1403 930 1451 cpiam
944 1402 961 1438 tr
975 1407 999 1450 τῷ

72 1461 75 1479 ²
127 1464 166 1498 dito
175 1465 241 1498 reddet
249 1465 289 1498 tibi.
576 1464 647 1511 κρυφαίῳ
669 1462 749 1499 ἀποδώσει
762 1476 793 1498 σοι.

150 1579 172 1611 In
180 1588 198 1611 r.
210 1578 230 1612 16
240 1578 331 1621 praebent
339 1578 465 1611 demoliuntur
475 1586 499 1620 eg
509 1580 540 1621 epi
552 1588 583 1612 car
592 1580 642 1612 rusb.
655 1579 712 1612 Notat
722 1580 741 1614 S.
753 1578 803 1612 Hier.
813 1580 833 1612 in
846 1581 944 1613 comment.
956 1588 998 1612 ver·
1010 1602 1011 1605 η

125 1639 170 1673 bum
180 1638 304 1672 exterminant
313 1638 333 1670 in
342 1637 471 1671 ecclesiasticis
486 1639 581 1680 scripturis
596 1639 645 1678 vicio
655 1638 776 1681 interpretum
790 1639 854 1672 tritum
868 1647 918 1680 esse,
934 1647 998 1672 verum

126 1699 177 1733 aliud
189 1699 248 1732 multo
264 1695 369 1740 significare
384 1705 439 1739 quam
452 1698 509 1742 vulgo
523 1698 648 1741 intelligebam
665 1698 783 1732 exterminari
800 1699 868 1741 quippe
881 1699 954 1732 exsules
967 1699 998 1740 qui

125 1758 222 1792 mittantur
238 1758 290 1790 extra
303 1757 402 1797 ienninos;
417 1766 425 1789 c
440 1765 474 1800 pro
488 1758 524 1790 hoc
538 1765 583 1800 ergo
597 1766 683 1792 sermone
693 1757 819 1791 demoliantur
829 1766 902 1800 seraper
915 1758 998 1799 accipere
1017 1775 1020 1781 .

126 1817 223 1857 debemus,
235 1816 284 1858 quod
294 1824 360 1858 graece
373 1816 439 1849 dicitur
449 1813 548 1860 ἀφανίζουσι.
560 1817 664 1850 Demoliiur
674 1818 735 1851 autem
748 1817 844 1860 hypocrita
856 1817 922 1850 taciem
934 1825 996 1858 suam,

102 1914 104 1917 ¹
125 1879 146 1910 ui
155 1876 250 1910 tristitiam
260 1876 334 1908 simulet
346 1877 364 1908 ei
377 1876 439 1908 animo
449 1875 497 1908 torte
507 1876 589 1909 laetante
598 1876 668 1909 luctum
677 1877 738 1918 gestet
749 1877 768 1910 in
783 1877 835 1910 vultu
849 1887 865 1909 ιι.
880 1876 941 1919 Atque
951 1875 998 1909 inira

125 1937 145 1968 in
155 1945 172 1969 v.
186 1935 213 1968 19.
226 1935 247 1968 ro
258 1934 331 1978 αφανιζει
340 1935 425 1967 redditur
436 1931 560 1968 deroolilorin
570 1934 622 1969 codd.
637 1936 655 1968 et
664 1936 684 1968 in
697 1937 748 1978 vulg.
762 1954 785 1960 -
795 1937 816 1968 In
826 1944 842 1968 v.
856 1936 876 1969 18
888 1935 908 1968 in
917 1934 955 1968 fmc
964 1935 997 1968 ad-

126 1994 176 2029 ditur
185 2005 202 2026 ευ
212 2005 236 2027 τω
245 2003 310 2039 φανερω
318 1994 338 2026 in
346 1991 380 2027 ΕΔ
389 1994 406 2026 al
417 1997 466 2028 certe
474 2003 505 2036 pm
514 1994 541 2028 ab
549 1992 609 2036 cglh
616 1995 629 2028 k
637 1995 680 2028 aeth
690 2004 729 2028 arm
740 1993 792 2040 (codd
802 1992 853 2040 aliq).

155 2105 256 2151 Tertium
272 2106 402 2164 eueniplum
418 2105 446 2148 ad
463 2105 622 2150 illustrandam
636 2106 763 2150 doctrinam
779 2106 807 2150 de
820 2106 946 2150 sinceritate
962 2106 998 2149 in-

124 2177 232 2221 tentionis
239 2177 263 2220 in
274 2180 311 2232 6‚1
326 2177 468 2236 propositam
478 2176 578 2221 Christus
586 2177 642 2236 petit
653 2179 675 2221 et
686 2176 785 2221 declarat
798 2191 824 2221 ex
834 2175 925 2221 ieiunio.
944 2176 998 2231 Inde

126 2248 233 2293 discimus
245 2247 339 2292 ludaeos
351 2248 401 2307 pios
413 2251 434 2292 et
447 2248 486 2308 qui
500 2262 522 2293 se
533 2251 651 2308 tamquam
664 2249 713 2308 pios
726 2247 775 2293 aliis
790 2250 902 2293 ostentare
915 2247 998 2306 gestie-

124 2321 181 2365 bant
192 2320 324 2380 frequenter
340 2320 459 2364 ieiunasse.
478 2323 502 2363 ln
519 2320 569 2378 lege
584 2320 677 2380 quidem
695 2320 793 2365 mosaica
809 2334 868 2366 rinus
883 2320 954 2364 solum
973 2319 997 2363 in

124 2394 172 2437 toto
183 2406 243 2441 anno
255 2390 303 2436 dies
316 2391 395 2435 ieiunii
405 2390 511 2436 omnibus
521 2391 727 2451 praescrihebatur,
739 2391 786 2435 dies
797 2391 844 2435 scil.
856 2390 996 2449 expiationis,

125 2463 172 2507 dies
188 2463 290 2507 decimus
304 2464 387 2507 mensis
406 2461 496 2521 septimi
518 2463 579 2524 (Lev.
604 2466 683 2516 ianm
702 2465 778 2516 23727.
797 2463 862 2506 Num.
881 2461 955 2521 nii‚7);
975 2464 998 2504 at

127 2535 195 2578 etiam
204 2534 284 2578 iamin
296 2534 348 2590 lege
357 2532 460 2592 asstipere
469 2533 570 2577 anisolam
581 2534 596 2577 i.
609 2548 628 2577 e.
639 2533 740 2582 ieiunare
749 2532 809 2577 inter
817 2532 859 2577 illa
868 2535 997 2577 recensetur

125 2606 154 2650 ad
168 2620 226 2666 quae
240 2595 290 2664 quis
302 2620 344 2665 pro
360 2619 401 2649 sua
412 2605 496 2665 pietate
507 2619 530 2651 se
539 2604 609 2664 possit
624 2608 676 2649 voto
690 2605 831 2663 obstringere
841 2608 906 2649 Num.
919 2608 994 2660 cuii.

124 2678 179 2722 Dein
193 2679 245 2722 satis
261 2680 310 2722 erat
326 2677 433 2721 usitatum
449 2678 474 2721 ut
487 2677 512 2722 in
528 2676 694 2721 calamitatibus
713 2680 735 2721 et
751 2676 848 2736 publicis
865 2678 887 2720 et
902 2675 996 2735 privatis

123 2750 235 2794 ieiunium
244 2748 395 2794 adhiberetur
405 2749 434 2793 ad
444 2749 502 2793 iram
513 2749 551 2793 Dei
560 2750 696 2809 placandam
707 2752 728 2793 et
737 2763 804 2808 opem
814 2747 861 2791 eius
871 2746 995 2806 imploran-

125 2823 187 2875 canc
197 2822 225 2866 ci.
237 2820 286 2866 ici.
298 2826 374 2876 coac.
388 2823 464 2879 laag.
477 2822 899 2878 r‚c;31‚13.cueg.1,1n;caloae.
915 2823 927 2862 3
938 2820 993 2875 aeg.

125 2897 201 2949 nimi.
212 2897 281 2938 arar.
292 2898 353 2949 208.
367 2892 430 2937 Esdr.
442 2896 502 2947 821.
515 2892 591 2936 Iudith
600 2895 646 2947 18.
658 2892 718 2936 listh.
728 2894 792 2945 b‚16;
802 2889 933 2949 frequenter
940 2904 995 2948 quo-

124 2980 168 3025 que
181 2964 243 3023 apud
253 2966 373 3024 prophetas
381 2965 465 3008 mentio
475 2964 501 3008 fit
515 2964 595 3009 ieiunii
611 2967 637 3008 Is
653 2965 854 3016 58,3.ier.1i,in;
871 2965 930 3015 386.
942 2964 993 3005 Bar.

124 3041 170 3092 1,5,
185 3039 241 3081 Dan.
259 3038 308 3090 9‚3;
323 3040 383 3091 ius.
393 3037 438 3080 lcel
452 3040 515 3092 1,1ίι;
531 3040 592 3091 ΜΞ.
606 3038 653 3079 lon.
671 3038 721 3089 3‚5;
732 3034 818 3078 ieiunia
826 3032 855 3078 ad
865 3029 997 3077 recolendos

123 3109 170 3154 dies
182 3108 279 3153 nefastos
291 3108 374 3151 statuta
386 3110 593 3151 commemorantur
605 3105 670 3150 Zach.
685 3109 721 3160 7,5
736 3108 757 3150 et
769 3109 833 3162 8193
851 3104 995 3149 ieiunahatur
