2239 3511
128 219 168 258 toa
432 198 435 202 ’
479 222 554 251 MATTH.
571 213 603 258 rr,
620 213 652 251 rr.

128 308 199 353 altera
215 309 308 363 nolebat
324 307 428 369 obsequi;
447 312 469 353 et
486 313 510 353 ut
527 311 611 354 morosi
629 309 664 353 illi
682 325 708 354 ae
725 311 869 362 contumaces
888 310 954 367 pueri
970 308 1000 352 ad
1053 365 1056 372 Ι

127 379 202 421 lusum
213 379 366 424 invitarentur
381 380 421 430 alii
434 381 502 424 modo
517 382 579 425 hunc
591 380 659 425 modo
677 381 747 425 alium
759 379 900 440 incipiebant
911 380 998 435 lusum3

127 451 150 491 at
162 449 255 494 frustra.
270 450 332 494 Unde
344 450 437 495 demum
451 451 589 496 clamoribus
599 488 603 507 ‚
615 453 648 495 uti
661 451 710 496 fieri
724 451 791 506 solet,
807 454 828 494 et
844 449 998 494 altercationi-

126 519 169 563 bus
182 514 267 580 morosi
279 520 315 565 illi
324 522 481 581 increpantur.

157 592 250 635 loannes
260 606 341 652 aspera
351 608 391 638 sua
403 593 449 638 vita
459 582 527 654 quasi
537 594 626 639 luctum
642 597 663 638 et
674 594 799 638 lamentum
812 592 924 647 exhibuit,
940 594 997 635 atta-

102 697 105 716 ἓ
126 674 179 704 men
189 662 218 705 ad
228 660 393 721 poenitentiam
402 665 517 722 agendam
526 680 572 710 non
580 657 746 725 suntpermoti}
760 666 820 708 lesus
828 663 875 707 vita
885 675 1000 706 communi

125 745 179 777 usus
192 735 224 776 est
240 733 301 777 nihil
315 749 422 794 asperum
432 751 487 796 prae
502 751 525 781 se
534 724 621 792 terens,
639 739 706 796 atque
720 750 749 779 ne
764 735 828 779 suavi
842 733 936 793 quidem
953 732 1000 776 eius

126 801 173 847 vita
188 804 218 848 ad
231 819 284 849 eum
298 801 444 865 sequendum
456 809 507 850 sunt
523 808 618 852 inducti.
637 811 691 852 Cum
708 802 743 851 res
755 806 788 850 ita
803 820 826 850 se
840 804 937 858 habeat,
952 802 999 863 opi·
1018 831 1020 834 v

107 903 109 907 .
126 876 211 917 uantur
223 874 296 934 aliqui
306 877 331 919 in
341 877 419 934 pueris
431 876 560 921 sedentibus
571 880 592 921 et
605 877 635 921 ad
648 878 717 922 socios
728 876 872 936 loquentibus
884 874 1000 931 designari

126 945 234 988 Ioannem
252 949 274 988 et
291 945 404 989 Christum
417 945 456 1005 Ι(8.
479 946 557 1006 Chrys.
580 947 678 1006 Theoplt.
695 946 757 990 Hier.
773 946 853 991 Pescla.
872 945 920 990 Gai.
936 946 997 989 lune.

127 1013 216 1058 Graiam
224 1017 251 1059 ΙΙΙ
259 1031 282 1075 p.
294 1016 436 1075 lilith-immo
446 1018 470 1062 S.
483 1017 531 1061 Hil.
542 1017 566 1061 in
574 1017 651 1077 pueris
661 1017 783 1076 prophetas
791 1016 916 1074 significari
926 1017 1001 1059 censet

126 1085 202 1143 quiin
212 1086 289 1130 medio
301 1102 434 1145 synagogae
445 1090 564 1147 tamquam
573 1089 597 1132 in
607 1087 699 1147 publico
709 1087 754 1131 lori
764 1088 876 1137 conventu
885 1087 999 1146 populum

70 1205 72 1209 y
125 1159 262 1212 coarguant,
278 1157 340 1216 quod
350 1158 417 1202 dictis
425 1159 470 1202 suis
479 1174 525 1203 non
534 1159 659 1218 paruerint.
671 1160 698 1202 At
710 1158 766 1203 haec
780 1157 900 1217 explicatio
911 1156 1000 1201 admitti

124 1227 213 1285 nequit,
226 1242 279 1272 cum
291 1227 381 1273 dicatur
393 1230 509 1290 generatio
520 1230 575 1274 hoec
585 1229 666 1274 similis
678 1229 808 1288 rapuerim
817 1227 915 1288 proinde
928 1226 1001 1271 homi-

124 1311 164 1340 nes
172 1297 210 1341 illi
219 1313 275 1357 quos
285 1293 433 1359 reprehendit
442 1301 589 1345 conteruntur
599 1315 651 1344 eum
661 1300 755 1359 pueris‚·
764 1314 808 1343 non
817 1301 894 1344 autem
907 1302 999 1343 loannes
1014 1324 1016 1329 ·

125 1372 147 1411 et
160 1369 267 1414 Christus.
277 1372 355 1429 Neque
364 1371 427 1415 iuvat
439 1386 492 1415 cum
499 1372 560 1416 [uns.
571 1371 658 1425 dicere,
669 1370 694 1414 in
704 1370 835 1415 hominibus
845 1368 998 1426 generationis

126 1439 184 1482 illius
197 1440 242 1483 tale
257 1440 314 1499 quid
329 1441 450 1499 contigisse
470 1443 537 1501 quale
552 1442 670 1498 contingat
684 1455 736 1485 cum
748 1441 814 1500 pueri
828 1439 905 1484 dicant
918 1439 997 1483 sodali-

114 1510 166 1553 ³bus
178 1512 223 1553 suis
241 1524 246 1554 ε
261 1513 402 1556 cantavimus
413 1515 464 1566 etc.;
479 1527 533 1564 nam
549 1516 671 1571 postquam
686 1512 836 1555 dictumest:
855 1510 894 1554 cci
907 1524 997 1569 compa-
1036 1544 1037 1548 ¹

68 1619 71 1625 .
114 1580 191 1636 traho,
202 1574 307 1640 pergitur
319 1595 323 1627 ε
335 1583 415 1627 similis
425 1586 457 1627 est
467 1584 525 1627 haec
535 1582 652 1640 generatio
662 1582 752 1641 pueris;
764 1596 835 1642 quare
846 1580 896 1625 fieri
905 1581 996 1640 nequit,

113 1654 148 1694 *ut
158 1652 258 1696 Christus
268 1655 377 1713 loannem
386 1656 408 1697 et
418 1668 441 1698 se
450 1655 519 1698 etiam
528 1654 568 1698 illa
577 1653 723 1711 generatione
735 1652 853 1710 significet.
864 1652 906 1697 Alii
916 1667 998 1711 pueros

123 1721 169 1765 dici
184 1717 277 1768 Iudaeos
294 1724 337 1768 rite
352 1724 507 1782 intelligentes
522 1725 547 1768 in
563 1723 724 1783 coaequalibus
737 1714 852 1781 designari
870 1722 997 1767 existimant

115 1796 231 1848 ¹Ioannem
245 1797 266 1838 et
281 1795 395 1839 Christum
405 1795 485 1854 (Eam.
502 1796 558 1840 Ara
574 1795 637 1854 Bisp.
648 1795 691 1839 Fil.
706 1795 805 1847 Manscl,
820 1793 895 1847 Blcclr,
911 1793 997 1852 Kez'uc),

114 1863 181 1928 1velle
196 1865 243 1908 scil.
258 1866 400 1924 pharisaeos,
417 1869 442 1910 ut
455 1866 556 1910 Christus
569 1880 621 1910 suos
634 1879 708 1910 mores
723 1865 761 1924 (ad
774 1865 871 1924 speciem
885 1865 941 1909 adeo
958 1879 997 1908 au-

122 1934 200 1993 steros)
214 1936 481 1998 imiteturpsadducaeos
498 1939 574 1982 autem
591 1948 671 1996 aspera
683 1936 773 1980 Ioannis
789 1935 836 1979 vita
849 1935 944 1989 offendi;
960 1936 996 1979 vel

74 2046 77 2050 .
121 2008 229 2064 utrosque
242 2022 284 2066 pro
294 2021 335 2051 suo
346 2006 423 2051 lubitu
439 2008 508 2062 velle,
525 2010 551 2051 ut
564 2008 629 2052 aliter
645 2009 713 2066 atque
726 2007 791 2051 aliter
802 2009 881 2064 agant,
898 2010 920 2050 et
929 2005 996 2050 irasci

112 2077 199 2120 ‘Ioanni
210 2080 232 2120 et
241 2078 328 2122 Christo
335 2078 390 2138 quia
399 2081 481 2122 neuter
491 2093 570 2123 eorum
580 2078 676 2122 arbitrio
685 2078 803 2122 obsecutus
813 2076 889 2121 essetl.
904 2077 997 2121 Athaco

120 2162 211 2206 quoque
222 2148 341 2208 explicatio
351 2148 503 2209 relinquenda
516 2151 556 2194 est.
569 2151 625 2193 Nam
635 2148 684 2208 ipsa
693 2148 833 2207 comparatio
846 2147 913 2191 debet
922 2162 998 2207 repre-

103 2229 105 2232 ·
120 2218 254 2263 hensionem
265 2219 381 2263 continere
392 2220 536 2264 Iudaeorum¹
549 2219 572 2264 si
582 2222 659 2263 autem
670 2220 771 2263 Christus
781 2221 802 2263 et
812 2221 905 2262 Ioannes
915 2218 996 2262 sodali-

119 2289 162 2332 bus
180 2289 334 2344 conferuntur,
353 2290 394 2334 nbi
415 2293 447 2334 est
463 2291 504 2334 illa
519 2291 680 2349 reprehensio?
696 2305 722 2334 eo
741 2289 804 2349 quod
818 2289 884 2348 pueri
897 2288 976 2333 dicunt
990 2305 1000 2332 ;Ἰ
1026 2303 1028 2305 ’

119 2360 255 2415 cecinimus,
266 2360 443 2408 lamentavimus
452 2361 467 2405 i.
482 2376 501 2405 e.
515 2351 591 2405 alioet
606 2361 650 2405 alio
665 2360 732 2405 modo
747 2375 787 2403 vos
800 2360 958 2415 invitavimus,
969 2364 994 2403 nt

118 2430 238 2491 nobiscum
246 2423 339 2475 lusuum
349 2432 425 2475 essetis
433 2432 566 2490 participes,
577 2431 636 2474 nihil
645 2432 669 2474 in
679 2444 716 2474 eos
730 2430 838 2488 vituperii
849 2430 992 2489 exprimitur:

119 2503 219 2544 econtra
225 2501 293 2559 pueri
303 2502 343 2559 qui
353 2501 440 2545 sodales
452 2515 552 2545 morosos
563 2502 626 2544 vario
636 2503 718 2544 conatu
730 2500 821 2544 student
834 2499 961 2557 demulcere
973 2504 995 2544 et

119 2585 199 2615 eorum
210 2571 386 2615 obstinationem
399 2571 518 2629 frangere,
530 2571 607 2631 potius
617 2571 685 2615 laude
697 2571 762 2629 digni
771 2574 830 2616 sunt.

147 2642 223 2686 Medus
233 2657 278 2701 quo
288 2642 394 2686 scribitur
399 2641 465 2702 ‘apud
478 2643 614 2687 hetthaeum
626 2657 631 2687 ε
643 2642 724 2695 similis
734 2644 767 2686 est
776 2643 852 2702 pueris
865 2642 905 2701 qui
915 2642 995 2686 dicunt

117 2713 177 2767 aliis,
195 2716 227 2757 est
243 2713 321 2772 utique
338 2714 467 2768 obscurior3
482 2728 537 2758 nam
549 2715 572 2758 vi
588 2713 712 2758 verborum
728 2714 846 2771 generatio
865 2714 995 2771 comparari

116 2783 207 2827 videtur
220 2783 293 2827 solum
306 2785 383 2844 pueris
397 2785 441 2829 illis
455 2785 495 2844 qui
509 2784 565 2829 alios
574 2784 723 2844 alloquuntur
738 2799 764 2829 ac
773 2782 952 2841 reprehendunt.
965 2787 993 2828 At

138 2940 152 2968 1.
163 2934 197 2968 Ed.
212 2937 218 2968 1
231 2944 247 2976 p.
259 2940 289 2970 670
301 2937 325 2970 ita
336 2949 340 2970 ι
353 2938 489 2980 exspectavimus
501 2947 579 2979 magnam
589 2938 660 2980 gloriani
671 2936 773 2969 messianani
783 2936 886 2979 nostraeque
893 2936 949 2977 gentis
959 2937 991 2970 iin-

116 2988 192 3033 perium,
202 2990 221 3027 at
229 2997 260 3021 vos
270 2989 313 3022 nihil
321 2990 354 3023 talc
364 2991 420 3024 moliti
429 2990 469 3024 estis
480 2990 578 3031 (cecinimus
589 2993 605 3023 et
613 2999 646 3022 non
656 2986 748 3030 saltastis);
759 2987 876 3022 liberationem
887 2990 992 3032 speravimus

118 3043 139 3076 ab
150 3041 259 3085 oppressione
267 3042 330 3083 atingo
340 3043 480 3085 alienigenarum,
491 3046 508 3076 et
517 3053 548 3076 vos
557 3052 590 3076 non
599 3051 649 3084 opem
659 3040 722 3073 tulistis
730 3041 867 3083 (lamentavimus
876 3045 894 3076 et
903 3052 937 3075 non
945 3042 992 3085 plan-

118 3096 177 3137 xistis).
189 3097 210 3128 nt
216 3103 251 3127 non
260 3095 337 3127 cernitur
344 3096 453 3137 quomodo‘in
463 3096 500 3139 ipsa
509 3096 636 3143 comparatione
644 3094 751 3136 reprehensio
760 3104 804 3139 quae
812 3096 884 3139 exprimi
893 3095 943 3130 debet
953 3105 993 3130 vere

119 3149 232 3182 contineatur.
