2211 3575
441 236 518 276 rursu,
536 215 653 273 ngat-15.
800 212 801 215 ¹
880 241 882 245 ·
951 228 989 268 itu

82 318 88 326 ‘
112 322 246 368 Iudaeorum
256 325 355 370 Messian]
368 325 475 371 declarat:
489 329 572 370 Verum
583 326 699 370 addensat¹
711 324 780 369 cultis
792 323 901 383 recipere,
912 321 989 366 innuit

110 393 248 441 locutionem
257 411 305 441 non
318 411 365 442 esse
375 398 469 442 omnino
481 397 614 457 propriam,
628 411 680 440 eum
690 412 737 441 non
751 411 798 442 esse
813 411 880 442 sensu
894 393 985 438 litterel'

110 466 192 520 Etiam,
204 468 315 513 sedsensu
323 467 423 527 quodam
430 468 559 527 improprio
570 470 592 511 et
601 468 677 526 typico
687 468 781 526 propter
790 468 859 511 officii
868 465 987 526 quandam

69 530 70 533 ¹
109 538 281 582 similitudinem
298 538 334 595 (cf.
349 538 400 582 Alb.
418 538 466 583 Gai.
478 537 550 588 Moli.
565 537 643 597 lans.).
657 538 717 583 Elias
731 538 792 582 eninr
806 538 907 581 mittetur
921 540 984 581 ante-

110 624 178 668 quam
194 609 269 654 veniat
284 608 331 654 dies
347 602 435 654 Domini
448 622 546 667 magnus
561 612 582 653 et
597 610 724 664 horribilis,
743 610 759 654 i.
778 625 797 653 e.
814 602 869 653 ¹ante
888 609 985 652 alterum

37 683 38 686 ’
109 680 191 724 Christi
211 679 240 724 ad
261 680 372 725 iudicium
389 681 523 736 adventum,
542 683 636 725 loannes
655 681 735 726 missus
755 684 787 725 est
810 682 862 725 ante
882 680 985 739 priorem

109 751 191 796 Christi
201 751 335 808 adventum,
348 752 387 812 qui
397 751 508 796 adventus
519 766 571 796 cum
584 751 647 795 sitin
658 751 749 796 ruinani
763 754 785 796 et
794 752 984 796 resurrectionem

59 883 61 886 y
108 823 233 867 multorum
250 821 318 867 etiam
334 823 435 883 aliquam
455 823 525 868 habet
540 822 622 867 iudicii
641 823 765 877 rationem,
787 825 892 882 atqueeo
911 822 984 879 magis

109 905 199 953 queque
207 893 317 938 iudicium
327 894 372 939 dici
381 898 465 955 potest,
478 895 532 955 quia
539 909 689 955 praecursore
699 894 747 938 eius
756 894 862 938 nuntiato
871 893 985 953 propheta

109 964 199 1023 pergit:
211 966 292 1026 etquis
305 967 388 1026 poterit
401 968 500 1024 cogitare
510 966 572 1010 diem
585 966 696 1011 adventus
710 966 758 1010 eius
773 969 795 1010 et
810 966 861 1026 quis
874 963 942 1009 stabit
955 963 984 1007 ad
1057 1029 1058 1033 Ἰ
1099 949 1105 959 ”

109 1036 231 1081 videndum
246 1039 312 1081 eum?
324 1038 372 1097 ipse
383 1038 443 1081 enirn
457 1039 521 1096 quasi
531 1038 590 1094 ignis
602 1038 703 1083 conflans
715 1040 736 1081 et
750 1036 824 1081 herba
836 1035 950 1080 fullonum
961 1038 983 1079 et

108 1107 193 1152 sedebit
208 1108 306 1151 conflans
323 1111 344 1152 et
361 1108 487 1168 emundans
502 1111 629 1166 argentum
641 1112 681 1152 etc.
700 1108 759 1168 (Mal.
773 1108 828 1171 322).
847 1111 942 1167 Insuper
957 1111 983 1151 ut

107 1178 204 1222 iudicem
215 1181 308 1222 Ioannes
322 1178 434 1238 praedixit
450 1179 551 1223 Messiam
567 1193 571 1223 :
587 1178 744 1240 ventiiabrunr
751 1179 776 1221 in
787 1192 859 1221 vrnenu
876 1178 923 1221 eius
937 1181 979 1220 ete.

107 1248 187 1309 (SM).
199 1250 257 1294 Elias
271 1252 391 1294 convertet·
402 1256 442 1294 cor'
453 1253 545 1310 patrum
556 1250 586 1294 ad
595 1243 655 1293 filios
670 1254 691 1293 et
703 1264 742 1293 cor
753 1249 854 1293 filiorum
864 1248 893 1292 ad
906 1245 987 1308 patres

107 1334 185 1364 eorum
199 1321 215 1364 i.
235 1336 254 1365 e,
272 1320 362 1365 sanabit
380 1321 442 1365 iiiam
458 1319 593 1380 apostasiam
609 1335 654 1380 qua
669 1321 828 1378 generationes
844 1319 981 1363 ludaeorum

105 1392 238 1450 posteriores
251 1406 265 1435 a
277 1391 323 1435 fide
334 1394 356 1436 et
365 1392 449 1451 pietate
463 1392 592 1451 priscorum
602 1392 787 1453 patriarcharum
800 1392 919 1443 seiunctae
929 1381 982 1434 sunt

106 1462 142 1521 (cf.
151 1477 227 1507 meunt
237 1465 361 1507 comment.
372 1462 396 1506 in
406 1463 488 1523 Proph.
501 1463 557 1507 min.
569 1465 588 1507 Ι[
594 1477 619 1522 p.
629 1461 690 1521 t87),
703 1464 798 1507 loannes
810 1459 887 1506 autern
897 1461 981 1518 angeio

103 1532 248 1591 praedicente
262 1532 383 1592 praecedet
399 1536 450 1578 aute
464 1533 584 1577 Dominum
598 1534 622 1577 in
638 1524 720 1593 spiritu
736 1535 758 1577 et
774 1533 859 1577 virtute
868 1533 942 1587 Eliae,
955 1535 980 1575 ut

104 1607 220 1648 convertat
231 1604 301 1649 corda
313 1606 404 1664 patrum
419 1605 443 1648 in
453 1604 511 1648 filios
525 1608 546 1648 et
563 1604 693 1649 incredulos
711 1604 741 1667 ad
750 1603 898 1663 prudentiam
908 1605 979 1647 iusto-

104 1689 166 1730 rurn,
183 1690 264 1735 parare
281 1675 372 1719 Domino
387 1675 478 1735 plebem
493 1676 617 1735 perfectam
637 1676 696 1732 (Luc.
716 1674 786 1734 Mi).
806 1678 879 1727 Quare
894 1689 979 1732 magna

38 1799 42 1808 Ι
103 1745 225 1790 intercedit
233 1746 292 1790 iuter
303 1749 410 1791 Ioannem
420 1750 442 1790 et
452 1746 524 1791 Etiam
539 1746 663 1791 similitudo
677 1747 778 1791 muueris
787 1747 897 1805 ¹vitaeque
911 1747 979 1790 ratio-

103 1818 137 1861 nis
149 1833 207 1876 quae
222 1818 314 1862 omniuo
327 1818 420 1874 sufficit,
434 1821 460 1862 nt
470 1818 560 1863 dicatur
573 1821 641 1877 typus
656 1817 718 1862 Eliae
732 1821 754 1862 et
764 1808 822 1861 alter
835 1817 900 1875 quasi
910 1817 977 1873 Elias

103 1889 203 1933 Christus
218 1891 294 1933 autem
309 1903 335 1933 eo
351 1891 407 1948 typo
423 1890 494 1933 utitur
509 1890 578 1933 etiam
593 1893 716 1948 propterea
734 1889 788 1948 quia
801 1903 828 1932 ex
841 1887 979 1932 ludaeorum

102 1963 177 2003 ruente
187 1974 239 2004 cum
253 1960 323 2004 Eliam
333 1960 436 2005 nominet
448 1975 471 2004 se
486 1961 562 2019 ipsum
572 1960 713 2018 apertissime
726 1960 828 2003 Messiam
840 1959 902 2003 dicit.
919 1955 980 2004 Inter

102 2030 173 2074 liliam
192 2034 213 2075 et
226 2033 334 2075 loannem
350 2031 419 2075 etiam
433 2030 567 2090 hocsimile
583 2031 645 2074 cerui
659 2032 722 2074 notat
739 2030 763 2075 S.
780 2031 842 2074 Hier.
864 2045 871 2074 :
888 2048 898 2070 u
918 2031 977 2075 vitae

103 2102 220 2146 austeritas
234 2103 343 2161 rigorque
354 2102 435 2146 mentis
448 2101 509 2146 'tiliae
522 2105 544 2146 et
559 2101 648 2146 Ioannis
661 2115 728 2161 pares
741 2104 805 2155 sunt3
820 2100 858 2145 ille
875 2101 937 2145 enim
952 2103 976 2145 in

102 2187 188 2228 eremo,
207 2173 247 2216 iste
266 2173 290 2216 in
306 2185 393 2226 eremo;
416 2173 454 2217 ilie
467 2187 524 2217 zona
543 2162 639 2231 pellicea
654 2172 791 2229 cingebatur
807 2175 829 2216 et
848 2172 889 2216 iste
906 2172 979 2216 sirnile

101 2243 184 2287 habuit
199 2244 328 2301 cingulum
345 2244 384 2287 ilie
402 2244 510 2303 quoniam
524 2246 604 2301 regem
619 2243 696 2287 Achab
714 2246 735 2286 et
749 2242 837 2304 Iezabel
852 2243 977 2302 impietatis

103 2315 179 2370 arguit
193 2314 273 2371 fugere
285 2315 414 2373 compulsus
428 2317 469 2366 est,
485 2315 526 2358 iste
537 2315 591 2372 quia
603 2312 697 2357 Herodis
708 2315 729 2356 et
740 2313 874 2370 Herodiadis
888 2313 978 2357 illicitas
1058 2315 1059 2318 ’
1077 2300 1079 2305 ’

102 2386 178 2442 arguit
186 2386 276 2444 nuptias
286 2386 490 2444 capitetruncatur
500 2402 519 2429 u.
533 2387 588 2428 Cum
597 2384 698 2433 Christus
708 2383 769 2443 dicat
777 2386 787 2425 ὁ
796 2385 875 2442 μέλλων
886 2381 978 2443 ἔρχεσθαι

102 2457 236 2500 sententiam
246 2455 274 2500 de
283 2456 331 2507 Elia
340 2458 437 2501 'venturo
450 2458 472 2500 et
482 2455 642 2515 pervulgatam
655 2468 702 2499 esse
713 2456 792 2499 asserit
801 2458 824 2499 et
833 2469 884 2520 eant
896 2470 978 2515 appro-

101 2526 152 2580 aaa
166 2528 228 2571 nulio
243 2530 318 2572 autem
334 2527 414 2584 modo,
429 2531 454 2572 ut
469 2527 521 2572 Ka'l
532 2527 592 2581 vult,
612 2526 715 2571 declarat
730 2526 787 2571 falso
804 2527 891 2571 censeri
903 2520 979 2587 ipsum

102 2597 173 2642 Etiam
187 2611 233 2641 esse
246 2600 382 2654 venturum;
394 2612 448 2643 narn
460 2613 487 2642 ex
499 2598 609 2642 Malachia
618 2600 682 2657 patet
692 2598 720 2641 de
731 2598 777 2642 aiio
791 2612 837 2642 esse
849 2613 979 2643 sermonem

103 2672 139 2722 3,1
153 2667 212 2712 etde
227 2666 272 2711 alio
286 2662 357 2722 tuo
374 2683 459 2727 exque
473 2669 522 2713 loco
538 2668 652 2713 sollemnis
668 2669 725 2713 haec
740 2669 884 2727 appeliatioo‘
898 2670 979 2726 μέλλων

101 2737 194 2798 ἔρχεσθαι
205 2739 306 2783 derivata
318 2740 360 2791 est;
375 2738 469 2798 insuper
478 2739 526 2799 ipse
540 2740 641 2784 Christus
652 2739 714 2782 clare
728 2738 798 2782 dicit:
811 2738 870 2782 Elias
884 2738 979 2798 quidem

100 2813 208 2854 venturus
222 2814 254 2854 est
268 2813 290 2854 et
304 2809 408 2854 restituet
416 2809 493 2853 onmia
504 2809 602 2868 (antip
618 2812 719 2853 ceterum
734 2808 786 2852 vide
800 2809 868 2855 Eocii.
888 2814 940 2866 aar
955 2815 977 2854 et
1033 2817 1034 2820 ’

101 2895 159 2940 quae
169 2881 248 2925 notavi
257 2883 281 2926 in
292 2883 416 2926 Comment.
426 2880 451 2923 in
460 2881 544 2939 Proph‚
556 2879 613 2924 min.
626 2882 645 2923 ΙΙ
654 2896 678 2940 p.
692 2883 742 2925 aas.
820 2892 822 2895 ’

129 2954 210 3010 Aperte
225 2952 297 3009 igitur
314 2956 335 2997 et
351 2951 380 2997 ad
399 2952 501 2996 omniurn
517 2955 610 3010 captum
625 2951 694 2996 valde
709 2952 880 2998 accommodate
898 2954 975 2998 doouit

100 3023 200 3067 Christus
210 3027 232 3066 se
249 3037 295 3068 esse
312 3030 392 3068 revera
406 3023 517 3078 Messium
529 3022 590 3067 unde
604 3023 721 3067 concludit
734 3024 860 3069 admonens
874 3028 899 3068 ut
916 3039 973 3083 quae

100 3094 160 3138 dicta
170 3096 221 3138 sunt
231 3095 313 3137 attente
323 3094 466 3155 perpendant
475 3101 496 3140 v.
508 3099 534 3140 15
544 3094 585 3154 qai
593 3093 736 3139 hebetantes
745 3094 871 3155 (cerdiecclr')
882 3094 973 3138 arrectiac!

100 3166 427 3221 ef.13‚e.ua.uarc.c,9.23;
440 3171 503 3221 7,1c;
516 3171 576 3222 ara.
589 3168 786 3223 caesaraea.
799 3170 922 3226 epeaur.
935 3169 969 3209 rr.

369 3231 498 3268 Iinaurzuruusn
509 3245 527 3269 ru
538 3237 607 3269 Marcu.
619 3236 633 3267 1.
644 3254 665 3280 ·‚·
678 3234 706 3271 17,“
