2239 3511
131 213 169 255 lor
495 228 570 257 66666.
587 218 657 265 3,16

161 320 302 396 Atquecpcr
292 316 390 359 6616666
407 330 428 359 66
426 287 529 360 666166
542 330 561 360 e.
574 318 672 376 proper
682 330 742 371 eum
756 331 803 361 erus
812 319 890 373 nrrcra
901 319 944 376 (op
958 330 1014 377 culp

132 387 204 433 116161.
209 387 227 446 );
246 387 272 431 66
289 386 348 431 aeris
361 386 459 444 regione
473 387 585 431 6666616616
567 390 611 431 6666
625 387 687 432 visus
702 387 745 431 6666
757 388 854 447 quidam
870 388 956 442 1666666,
973 403 1012 433 666

133 459 223 519 species
239 461 360 518 aperturae
377 458 493 503 sensibilis
508 473 590 518 exque
603 458 712 503 columba
725 461 747 503 66
755 473 798 502 vor
807 458 887 503 delabi
900 459 1016 503 videretur

133 529 197 590 (Lep.
210 530 282 576 86166.
293 530 342 575 sim.
357 528 432 589 (166),
446 531 501 590 quia
514 530 581 585 enirn,
597 532 624 574 ut
634 531 721 575 666666
735 532 805 585 66666,
818 530 916 589 Spiritus
926 531 1015 574 sanctus

132 602 252 646 visibiliter
268 601 418 646 descensurus
435 604 484 646 6666
498 602 522 646 66
538 602 613 661 specie
631 601 759 656 columbae,
775 602 877 660 oportuit
898 601 1015 664 visibiliter

131 672 285 718 denronstrari
302 673 434 717 columbam
456 673 521 718 illam
537 689 550 717 e
568 674 633 718 coelo
650 673 785 735 descendere
802 673 917 731 singulari
935 677 957 717 66
976 687 1013 716 66-

117 744 286 789 6666666666666
296 738 373 790 modo.
393 745 506 805 Apparuit
519 745 597 804 itaque
612 745 689 789 hiatus
704 745 795 805 quidam
811 744 848 789 vel
860 744 892 789 ita
901 747 927 788 ut
940 744 1014 804 ipsum

131 816 302 861 firmamentum
319 816 404 875 aperiri
417 816 594 875 columbamque
609 817 714 860 emittere
727 816 845 861 videretur
855 816 892 860 vel
905 818 931 859 nt
941 816 1014 860 solum

131 887 205 931 nubes
219 877 404 931 discinderentur
417 887 455 931 vel
469 890 493 930 at
507 887 601 945 inopina
615 887 731 945 quaedam
741 888 780 931 lux
792 903 819 931 ex
835 887 883 931 imo
899 886 1014 931 coelorum

131 961 170 1002 aut
180 957 250 1002 nubis
262 956 312 1001 sinu
322 948 456 1016 erumperet
467 957 548 1016 (Color.
560 957 618 1017 Fit.)
631 960 654 1001 et
666 957 691 1002 66
704 958 826 1016 splendore
836 957 892 1002 inde
903 958 1019 1006 emicante,
1085 968 1087 970 ·
1113 1013 1114 1016 ¹

80 1054 81 1057 =
129 1029 277 1074 descenderet
295 1028 415 1091 columba,
431 1027 549 1073 Descendit
568 1032 647 1074 antem
668 1028 769 1088 66166666
791 1028 835 1073 Dei
859 1029 896 1073 vel
919 1029 1012 1087 Spiritus
1064 1075 1066 1077 ,

129 1103 222 1145 6666666
232 1100 292 1160 (Luc.
305 1099 366 1160 362)
376 1100 493 1159 corporali
500 1099 579 1160 'specie
589 1100 648 1145 sicut
662 1100 768 1145 columba
775 1099 800 1144 in
808 1100 894 1160 ipsum,
907 1102 932 1144 66
940 1102 961 1145 S.
970 1103 1012 1145 Lu-

100 1166 102 1170 ’
130 1186 166 1216 666
180 1172 219 1215 ait.
241 1174 269 1215 Ut
284 1186 307 1216 se
325 1170 411 1215 visibili
427 1171 495 1215 modo
511 1171 674 1228 manifestaret,
696 1170 765 1229 elegit
782 1171 960 1215 similitudinem
972 1171 1013 1215 vvel

119 1243 231 1304 ¹speciem
245 1243 310 1288 6666
304 1257 396 1300 guram
407 1242 536 1287 columbae
552 1246 676 1302 Postquam
688 1243 787 1288 Christus
797 1256 920 1303 personam
931 1257 1012 1301 pecca·
1015 1244 1017 1246 ’

130 1317 186 1360 toris
200 1315 224 1359 in
243 1330 267 1359 se
284 1314 407 1373 suscipiens
423 1314 526 1373 laaptizat
527 1329 553 1359 66
572 1317 642 1359 estet
661 1328 701 1359 suo
719 1314 833 1373 baptismo
848 1314 971 1395 spopondit
988 1329 1011 1358 66

130 1402 182 1430 mor
183 1389 230 1430 tem
246 1386 294 1430 obit
285 1378 362 1430 turum
378 1400 421 1466 pro
438 1386 519 1430 mundi
540 1386 622 1440 salutent,
640 1385 687 1430 iam
706 1390 740 1431 ost
731 1386 828 1431 tendunt
819 1389 858 1431 tur
873 1385 945 1443 signis
959 1386 1012 1430 visi-

129 1457 214 1519 bilibus
223 1457 264 1500 illa
274 1471 333 1515 quae
341 1457 384 1514 ipsi
378 1456 484 1500 Christo
462 1456 565 1501 666666
567 1460 608 1501 tet
619 1472 680 1516 quae
688 1458 734 1502 eius
742 1471 810 1516 opere
821 1458 875 1501 suut
866 1456 1008 1501 telficienda.

95 1529 97 1535 ’
128 1531 154 1572 16
164 1528 216 1588 ipso
225 1527 287 1571 enim
295 1526 411 1571 inhabitat
419 1527 537 1585 plenitudo
548 1527 675 1572 divinitatis
686 1527 842 1587 corporaliter,
855 1531 878 1572 et
884 1528 1011 1586 requiescet

129 1613 262 1658 supereum
276 1599 371 1657 Spiritus
381 1598 484 1652 Domini,
504 1598 599 1658 Spiritus
614 1598 704 1642 Domini
717 1613 785 1658 super
796 1614 835 1643 me
850 1598 903 1658 (col,
920 1603 967 1653 169.
981 1603 1008 1643 Is,

128 1675 192 1726 11‚2-;
205 1669 280 1729 61,1);
292 1684 334 1728 per
346 1669 423 1729 ipsum
438 1672 514 1713 autem
529 1670 623 1729 eiusque
638 1669 793 1714 obedientiam
806 1670 866 1714 coeli
877 1685 919 1729 per
930 1670 1010 1714 inobe-

87 1778 88 1781 ,
127 1741 239 1786 6166666666
248 1740 328 1789 Adami
341 1740 412 1784 clausi
422 1740 489 1783 nobis
498 1741 591 1785 reserati
604 1744 657 1785 sunt
667 1740 699 1800 (S.
712 1741 791 1800 01666.
808 1741 907 1800 1166666.
919 1741 1007 1800 Erit),

126 1813 253 1872 peripsum
261 1811 341 1869 generi
347 1812 452 1855 humano
461 1811 558 1855 mittitur
567 1814 649 1856 auctor
659 1814 682 1855 et
690 1811 780 1856 effector
787 1812 922 1857 sanctitatis¹
934 1813 1008 1856 Cerni-

126 1888 163 1929 tur
171 1886 249 1928 autem
258 1882 280 1925 in
292 1883 366 1942 specie
375 1881 494 1926 columboe
506 1883 653 1937 descendere,
665 1885 691 1926 66
702 1897 728 1925 66
743 1873 841 1940 augurio
852 1881 937 1940 legatio
948 1884 1008 1943 pacis

76 1949 81 1954 '¹
126 1971 152 1999 ac
162 1953 358 1999 reconciliationis
370 1952 519 2012 exprimatur⁴
533 1957 597 2008 Nam,
611 1956 682 2012 prout
695 1954 752 1998 bene
762 1953 861 1998 advertit
873 1955 897 1998 S.
912 1953 1008 2013 Obtusa:

126 2044 136 2067 u
150 2030 253 2072 veterem
271 2025 336 2069 nobis
350 2024 474 2075 historiam
493 2025 517 2068 in
534 2024 668 2087 memoriam
689 2028 787 2069 revocat.
806 2027 863 2068 Cum
878 2024 940 2068 enim
954 2026 1007 2069 olim

126 2096 244 2141 communi
260 2097 381 2151 naufragio
399 2097 474 2155 totum
490 2080 567 2139 orbim
579 2095 706 2139 invadente
719 2099 825 2139 nostrum
835 2110 909 2152 genus
919 2096 1008 2154 peridi-

124 2171 213 2213 taretur
226 2182 254 2210 ne
270 2168 461 2224 exstingueretur,
479 2167 522 2210 hoc
536 2166 622 2210 animal
639 2167 745 2225 apparuit
754 2169 776 2210 et
787 2165 928 2225 tempestatis
938 2167 1006 2212 finem

124 2243 158 2284 ost
149 2237 224 2284 tendit
240 2253 266 2282 ac
281 2252 369 2282 ramum
385 2237 460 2281 olivae
476 2240 522 2281 rost
525 2252 549 2281 ro
565 2240 647 2282 tenens
663 2251 807 2281 communem
822 2237 903 2281 orbist
894 2239 1006 2298 tranquil-

123 2311 174 2355 liat
142 2314 212 2355 66666
234 2312 299 2353 nunti
294 2309 363 2354 iavit..
370 2308 495 2367 ‚ideoque
517 2308 624 2352 columba
643 2312 738 2367 apparet
757 2323 803 2353 666
821 2322 913 2352 ramum
934 2309 1006 2355 olivae

123 2383 206 2433 666666,
214 2380 364 2440 sedomnium
372 2379 487 2441 malcrum
499 2380 580 2423 liberat
572 2383 647 2423 torem
656 2379 762 2423 nobisost
755 2380 882 2423 ttcndense
873 2383 933 2437 tpro
943 2395 1005 2425 ramo

124 2453 197 2495 olivae
209 2450 357 2508 adoptionem
372 2450 474 2493 tiliorum
491 2450 585 2493 afferens
599 2452 645 2492 666
636 2449 683 2493 t.S
694 2450 790 2494 616666..Ι
802 2468 812 2491 u
825 2464 905 2509 pacem
916 2465 940 2493 1n
951 2453 1004 2511 typo

123 2526 200 2567 666666
211 2521 317 2565 columba
328 2520 445 2579 [piendam
456 2519 484 2563 ad
493 2519 556 2564 illlam
566 2534 646 2564 arcam
654 2535 712 2580 quae
721 2521 821 2565 66166666
831 2520 1003 2567 1166666666-

122 2591 265 2647 nisadverit3
276 2591 353 2636 docuit
360 2606 397 2635 me
405 2592 470 2636 cuius
478 2594 545 2651 typus
555 2591 708 2636 cclumbailla
718 2591 787 2637 tuerit
794 2592 836 2651 qui
844 2606 905 2636 nunc
913 2592 1004 2638 descen-

124 2665 177 2709 dere
188 2664 297 2722 dignatus
309 2662 374 2707 estin
384 2663 461 2722 specie
474 2663 605 2718 columbae3
616 2663 726 2707 docuitin
734 2663 774 2707 illo
782 2678 857 2717 ramo,
869 2664 942 2707 inille
953 2680 1004 2710 6666

107 2729 112 2781 l
123 2740 202 2795 typum
215 2735 283 2779 fuisse
300 2735 362 2794 pacis
375 2734 487 2778 Ecclesiae
501 2736 562 2794 quod
577 2736 639 2779 inter
653 2735 704 2794 ipsa
716 2734 795 2778 mundi
807 2731 897 2778 diluvia
910 2734 1003 2793 Spiritus

122 2810 212 2850 sanctus
220 2805 249 2850 ad
256 2806 378 2849 Ecclesiam
387 2820 452 2849 suam
461 2797 540 2865 pacem
549 2806 629 2850 6666666
636 2805 777 2850 fructuosam
786 2820 810 2860 »3
823 2809 892 2863 atque
902 2806 1003 2852 similiter

124 2892 148 2920 ex
163 2877 205 2920 illo
219 2880 302 2921 eventu
319 2877 434 2935 explicant
449 2892 489 2920 cur
504 2878 528 2920 in
540 2877 616 2936 specie
631 2877 751 2921 columbae
769 2876 894 2921 descendat
908 2877 1002 2936 Spiritus

100 2937 109 2997 ,¹
123 2950 213 2992 sanctus
226 2947 294 2991 Erilli.
311 2947 409 3008 Tlrcopli.
423 2947 503 2992 Pouet.
518 2948 644 2993 61161666.
659 2946 848 3006 66666166166161,
863 2948 949 2992 Grumnz
959 2953 1000 2995 etc.

121 3017 352 3070 Quemadmodumt
335 3034 413 3098 laque
427 3020 513 3064 Christo
491 3023 581 3064 666666
569 3018 680 3076 cangeli
694 3033 774 3077 pacem
785 3019 960 3075 annuntiarunt,
971 3022 1015 3065 616

120 3105 172 3135 cum
190 3088 293 3133 Christus
304 3090 394 3133 muneri
404 3105 444 3134 suc
457 3090 560 3135 initiatur
564 3088 783 3150 pacissmbolum
796 3094 831 3135 ost
823 3089 897 3134 tendit
889 3094 945 3135 turi
938 3091 1002 3152 isque

119 3161 205 3206 visibil
199 3176 206 3205 1
189 3159 288 3204 lmodo
302 3160 420 3205 descendit
412 3161 471 3219 tqui
482 3165 514 3206 cst
524 3162 590 3205 huius
604 3161 667 3220 [iacis
678 3165 729 3206 auct
730 3177 755 3206 or
765 3165 810 3206 ct
778 3161 951 3207 6666661666
