2239 3511
135 181 173 222 tlh
471 177 583 224 narrat,
600 176 670 215 12-13.

133 279 237 339 pestana
248 293 255 322 :
267 295 278 319 a
289 276 427 333 intelligitur
438 276 479 319 hos
490 278 538 318 tres
546 274 696 330 evangelistas
708 287 755 316 non
768 273 848 315 loanni
859 271 1011 328 evangelistae

134 350 246 394 contraria
261 361 375 402 narrasse,
392 346 431 390 sed
445 344 621 406 praetermisisse
633 344 733 403 primum
748 343 837 386 Domini
853 341 976 385 adventum
985 342 1010 385 in

133 419 254 464 Galilaeam
267 421 415 479 posteaquam
426 416 554 476 baptizatus
564 418 606 470 est,
619 414 709 474 quando
717 413 763 458 illie
774 427 858 473 aquam
867 412 976 456 eonvert't
985 412 1010 455 in

131 492 221 546 vinum3
233 494 287 535 tune
296 490 357 535 enim
364 489 466 533 nondum
477 490 525 533 erat
534 487 630 532 traditus
639 489 733 531 Ioannes
741 487 752 526 5>
764 484 800 545 (et.
809 487 873 529 Mare.
886 488 945 540 1,11.
955 486 1008 528 Luo.

133 566 194 618 lali.
209 566 271 607 loan.
284 561 346 621 3,,11)
355 564 423 620 atque
433 560 495 604 idem
505 560 613 604 adnotant
626 558 680 602 Bed.
694 557 749 603 aab.
762 556 813 601 Alo.
828 556 925 601 Recessit
935 557 1008 599 autem
1038 565 1040 568 ’

132 620 239 690 Christus,
252 636 277 678 ut
286 635 310 679 S.
329 633 490 692 Carpsnotat,
503 620 639 676 ludaeorum
648 628 873 689 invidiaepaululum
885 626 1009 670 eoneedens

133 707 166 758 et,
177 708 245 765 prout
254 706 278 751 S.
293 705 373 750 Pescla.
390 704 464 760 addit,
478 705 524 749 iam
534 702 637 763 exenrplo
648 717 688 747 suo
701 701 784 745 doeens
794 699 856 760 quod
865 697 1009 758 postmodum

132 775 227 821 tradidit
236 791 241 821 ε
253 778 271 821 si
280 792 319 822 vos
328 777 440 837 perseeuti
449 776 563 820 tuerintin
573 789 619 819 una
626 774 726 829 civitate,
734 773 805 831 fugite
812 772 837 815 in
847 771 914 815 aliam
922 765 1006 829 (oleon.

135 848 219 907 10‚23).
244 852 298 892 Cum
315 848 413 893 Galilaea
429 861 537 909 magnam
553 848 641 905 partem
659 861 672 889 a
691 844 814 902 gentilibus
832 842 1007 893 inhabitaretur,

97 924 99 926 ’
133 919 232 963 Christus
249 934 261 963 6
277 919 360 962 Iudaea
374 918 479 962 reoedere
497 920 587 961 coaetus
602 917 648 960 iam
659 915 776 975 portendit
787 929 886 972 regnum
899 929 913 957 a
922 913 1009 957 ludaeis

123 990 241 1034 ‘reieotum
254 990 406 1034 transiturum
419 989 448 1033 ad
461 989 524 1033 alios.
541 992 614 1040 Quare
628 987 726 1031 advertit
738 987 763 1031 S„
777 986 856 1045 Chrys.
873 999 879 1029 :
896 1004 905 1025 a
917 988 941 1028 tn
951 983 1009 1027 mihi

131 1061 259 1120 perpendas
274 1061 344 1105 velim
362 1060 476 1121 quomodo
491 1063 571 1117 gentes
585 1059 688 1110 aditurus
706 1057 820 1102 aludaeis
837 1071 926 1116 semper
943 1069 1008 1099 ocea-

131 1133 307 1192 sionesaeeipiat
316 1150 326 1172 »
339 1132 396 1190 (sim.
407 1133 430 1177 S.
443 1132 519 1176 Thone.
529 1130 605 1191 Lep).
617 1127 728 1175 Galilaeae
734 1130 850 1173 tetrarcha
856 1131 904 1172 erat
912 1126 1008 1171 Herodes

130 1204 234 1263 lampas,
250 1204 289 1263 qui
301 1203 424 1263 baptistam
435 1203 459 1247 in
471 1217 584 1247 eareerem
597 1202 731 1246 oonieeerat.
749 1204 826 1260 ltaque
840 1213 892 1244 enm
909 1199 1008 1254 Christus

128 1274 221 1318 secedat
228 1275 252 1318 in
263 1275 393 1329 Caldaeam,
401 1275 575 1334 pharisaeorum
584 1274 741 1317 insectationes
749 1275 770 1316 et
779 1271 889 1315 invidiam
897 1263 1005 1324 deelinat;

133 1364 143 1387 a
156 1345 181 1389 in
194 1347 289 1405 propria
300 1346 395 1390 renitet
411 1346 446 1389 sui
460 1360 513 1389 eum
525 1359 572 1389 non
584 1346 720 1404 receperunt
731 1356 753 1395 »ς
765 1342 876 1387 Herodem
890 1339 1007 1385 01101000-

131 1417 168 1460 liri
183 1431 258 1475 neque
273 1417 371 1460 multum
388 1410 468 1460 curare
482 1416 510 1459 de
524 1417 551 1460 iis
565 1430 623 1475 oriae
635 1416 659 1458 in
669 1414 736 1458 rebus
747 1413 865 1475 religionis
874 1413 955 1456 fierent
964 1412 1005 1456 nisi

131 1503 144 1531 a
153 1488 279 1546 pharisaeis
288 1487 430 1542 incitaretur,
443 1502 469 1531 er
481 1488 529 1530 eius
539 1487 614 1530 indole
623 1487 676 1530 satis
685 1488 772 1529 eertum
784 1488 839 1528 erat.

161 1564 223 1616 Quod
237 1564 320 1608 dieitur
329 1580 351 1608 v.
365 1568 391 1608 13
405 1562 525 1604 καταλιπὼν
538 1562 575 1610 τὴν
589 1556 675 1622 Ναζαρά
689 1563 712 1606 vi
725 1563 784 1606 voeis
797 1561 924 1619 significare
936 1564 1007 1621 potest

49 1682 51 1687 ,
87 1690 90 1694 .
130 1635 232 1679 velnrbe
245 1636 378 1694 praeterita,
394 1636 486 1690 omissa,
499 1635 604 1692 neglecta
617 1635 666 1678 soil.
682 1634 757 1693 quoad
770 1633 934 1677 habitationem
945 1632 1005 1691 (Coi.

129 1708 185 1764 Lapa.
201 1706 296 1765 Selzepp,
314 1706 500 1765 [substantiam
517 1706 585 1749 Eath.
603 1705 672 1749 habet
687 1724 696 1745 a
711 1697 859 1763 παραδραμών,
875 1704 931 1747 1000
944 1704 1006 1747 enim

130 1792 176 1820 non
186 1780 219 1820 est
228 1778 342 1834 ingressus
354 1777 484 1821 Nazareth»
496 1777 532 1820 vel
541 1792 567 1820 eo
577 1791 650 1831 sensu,
662 1779 688 1819 nt
697 1776 759 1835 prins
766 1776 881 1832 ingressus
888 1775 916 1818 sit
926 1774 1017 1818 nrbem‘

130 1852 152 1891 et
166 1851 216 1891 tum
228 1847 258 1891 ab
270 1862 297 1891 ea
310 1862 334 1891 se
347 1847 467 1891 contulerit
480 1848 649 1906 Capharuaum.
665 1850 696 1890 Ex
709 1847 838 1890 narratione
849 1848 924 1889 auten]
935 1848 1006 1889 Lucae

130 1922 223 1972 ato-30
233 1918 260 1961 de
271 1918 394 1962 reiectione
403 1919 485 1962 Christi
495 1934 508 1962 a
518 1918 677 1962 Nazarethanis
686 1918 746 1961 faeta
753 1932 814 1976 ,quae
824 1932 859 1960 res
870 1916 1005 1960 llattlraeum

128 1989 198 2033 latere
210 2004 257 2032 non
267 1989 352 2048 potnit,
363 1989 465 2048 sequitur
477 1989 520 2033 hae
531 1989 624 2035 notione
635 2004 713 2033 roeenr
723 2003 768 2032 esse
778 1988 920 2047 sapiendam.
932 1990 1004 2047 Atque

129 2074 170 2118 pro
186 2059 356 2119 praedieatione
369 2060 452 2104 Christi
467 2060 627 2119 Capharnaum
643 2060 721 2104 eivitas
738 2060 809 2103 multo
823 2060 897 2116 magis
907 2062 955 2102 erat
964 2074 1001 2118 op·

129 2133 228 2189 portuno
241 2145 310 2189 quam
326 2131 444 2175 Nazareth.
463 2132 544 2175 Civitas
560 2131 644 2190 quippe
664 2133 712 2175 erat
727 2131 847 2190 opulenta,
869 2131 1004 2182 commercio

129 2202 274 2260 frequentata
289 2205 311 2245 et
325 2216 437 2246 oonoursu
452 2217 543 2261 quoque
556 2202 748 2259 alienigenarum,
762 2202 805 2245 sita
816 2201 845 2246 ad
861 2202 1004 2260 septemtrio-

129 2272 204 2316 nalem
217 2276 306 2332 partem
319 2273 382 2317 lacus
395 2272 541 2326 Cenesarefflr,
555 2272 622 2317 haud
638 2274 705 2331 longe
720 2273 749 2317 ah
762 2273 817 2317 ostio
826 2273 926 2317 Iordanis
936 2273 960 2316 in
970 2273 1003 2316 la-

129 2358 191 2398 enm;
206 2358 291 2400 magna
303 2344 380 2403 itaque
394 2344 533 2388 offerebatur
546 2344 643 2388 facilitas
655 2345 679 2388 in
695 2345 799 2401 regiones
809 2344 895 2387 vicinas
905 2344 1005 2387 faciendi

127 2414 211 2458 itinera
221 2417 283 2458 terra
292 2416 392 2473 navique
405 2418 462 2458 etex
472 2416 523 2474 ipsa
533 2416 589 2459 urbe
599 2418 694 2473 propter
706 2415 826 2458 bominum
837 2429 971 2458 eorroursum
983 2419 1004 2458 et

129 2485 266 2527 commercia
284 2485 346 2528 sarna
363 2484 445 2528 Christi
462 2485 528 2528 facile
543 2485 696 2544 spargebatur
711 2485 779 2542 longe
794 2486 890 2543 lateque.
908 2485 964 2529 Urbs
980 2486 1004 2529 in

126 2555 192 2598 libris
209 2558 254 2599 vet.
271 2557 321 2599 test.
336 2569 382 2598 non
395 2556 537 2608 nominatum
556 2556 624 2600 etiam
637 2559 688 2616 post
699 2556 811 2600 Christum
824 2571 876 2600 mor
885 2572 899 2600 a
908 2558 1003 2616 pristino

127 2625 247 2684 splendore
258 2626 342 2685 (tlatth.
358 2627 433 2685 1133)
444 2627 549 2671 defecisse
560 2627 657 2681 videtur,
669 2643 721 2672 eum
732 2629 838 2688 Iosephus
851 2629 920 2673 semel
929 2628 1002 2673 solum

126 2703 197 2760 κώμην
210 2707 372 2748 commemoret
385 2701 524 2763 Κεφαρνώμην
537 2706 646 2764 λεγομένην
659 2705 715 2765 (vita
735 2720 757 2750 n.
779 2707 827 2764 72);
846 2709 964 2764 praeterea
978 2706 1003 2749 in

127 2774 221 2830 regione
235 2778 348 2819 Gennesar
360 2776 428 2820 fontis
444 2777 583 2821 mentionem
597 2777 651 2821 faeit
666 2777 776 2821 uberrimi
789 2777 829 2836 qui
843 2778 1002 2836 Capharnaum

101 2871 102 2875 =
127 2843 157 2886 ab
171 2844 284 2902 indigenis
297 2847 426 2905 appelletur
443 2847 505 2905 (hell.
522 2847 570 2898 ind.
584 2852 645 2904 3‚10.
660 2837 691 2907 8).
709 2848 852 2892 Reoentiores
865 2848 1000 2908 disceptant,

128 2917 203 2958 utrum
221 2916 268 2959 Tell
283 2919 340 2960 Hum
357 2932 386 2961 an
400 2918 461 2961 Chan
477 2919 548 2977 llinpe
561 2919 630 2963 hodie
644 2919 792 2964 looumillius
803 2919 864 2964 urbis
874 2919 1000 2977 designetl.

148 3030 161 3059 1.
175 3025 283 3059 Probabilius
292 3028 327 3060 Tell
340 3030 384 3061 Huni
396 3029 452 3062 laeum
463 3031 530 3072 arniqni
541 3031 659 3074 Caplmrnaum
672 3031 757 3072 designat;
768 3031 792 3063 ihi
801 3040 870 3074 quoque
879 3032 939 3065 ruinae
951 3040 1001 3074 syna-

125 3088 177 3121 gogae
185 3082 285 3121 snper-suna
297 3089 357 3113 nomen
370 3082 425 3123 ipsum
436 3083 454 3115 id
465 3084 536 3124 suadet,
546 3094 585 3116 oum
595 3084 631 3116 Tell
641 3083 717 3116 eiusdem
726 3083 761 3117 fere
774 3085 850 3118 notionis
863 3087 880 3118 et
894 3094 935 3118 usus
948 3085 970 3118 sit
983 3092 1002 3116 oo

125 3140 161 3175 153
172 3141 189 3172 et
198 3140 216 3172 in
224 3140 270 3172 Hum
278 3139 327 3172 tasilo
336 3140 383 3175 ΕἻΠ]
393 3141 535 3183 deprehendatur.
547 3145 593 3181 Quae
603 3143 683 3184 Iosephus
691 3143 723 3176 rit.
732 3148 750 3178 72
759 3144 810 3177 hahet
817 3143 874 3187 aptius
882 3145 903 3177 ad
912 3140 947 3178 Tell
955 3145 1000 3177 Hnm
