2239 3511
153 208 192 248 aaa
422 259 423 263 Ἰ
512 216 589 245 narra
606 207 638 254 lt),
653 207 673 245 8.

155 303 203 348 eius
212 296 259 348 non
272 303 326 347 facit
336 303 477 347 mentionem
488 302 548 363 (vide
559 303 611 348 lect.
626 304 698 363 var.);
710 304 750 349 sed
761 291 852 349 omissio
863 307 990 365 explicatur
1003 321 1030 351 eo

155 374 215 433 quod
228 373 292 417 nulla
306 374 575 419 mortuorumsuscitatio
587 375 616 420 ab
626 375 733 435 apostolis
745 376 874 436 quaefacta
887 376 916 421 sit
925 377 950 421 in
961 392 1031 423 evan·

154 443 219 502 geliis
232 444 340 501 refertur,
356 445 453 505 leprosos
471 446 591 504 metridate,
606 446 726 492 daemones
742 446 830 505 ettctte;
843 450 900 507 quot
911 441 1030 494 benefieiis
1078 445 1079 448 ’

154 515 222 560 corda
235 516 292 561 dura
305 517 441 562 ludaeorum
456 518 560 564 emollire
573 518 659 571 studetl
674 523 697 564 et
710 519 750 579 qui
760 521 895 579 potestatem
909 519 967 564 adeo
978 521 1030 570 uuir

153 587 265 632 versalem
279 588 304 632 in
317 589 419 644 morbos,
435 592 540 646 mortem,
557 590 680 636 daemones
693 590 742 636 solo
755 591 825 636 verbo
840 605 893 637 cunr
908 581 959 636 aliis
970 605 1030 636 corn-

153 661 269 705 municare
282 663 363 721 potest,
377 661 495 706 manifeste
508 661 640 707 ostenditse
651 676 698 707 esse
713 663 834 707 Dominum
846 663 905 708 vitae
914 666 939 707 et
950 663 1029 712 mortis

153 735 175 775 et
185 747 237 776 eum
248 733 288 792 qui
305 733 425 788 daemone,
444 734 546 794 principe
562 734 629 779 huius
641 734 729 789 mundi,
742 733 831 779 devicto
845 737 867 778 et
880 735 952 778 eiecto
963 748 1029 778 suum

153 818 252 861 regnum
266 805 299 849 sia
308 805 451 850 stabiliturus
465 806 489 850 in
504 809 629 851 aeternum.
644 824 655 848 c
670 809 727 851 Haec
738 807 799 850 enim
809 821 855 850 non
864 806 968 851 humana
978 808 1030 850 sunt
1055 855 1057 858 Α

153 875 193 919 sed
205 875 289 935 divina,
304 891 350 919 uon
359 868 515 921 terrenasnnt
526 876 566 921 sed
577 877 693 932 coelestia;
708 878 760 936 quis
772 877 851 936 itaque
861 877 979 921 coelorum
992 891 1029 920 re-

153 960 223 1003 gnum
239 946 401 1006 coelorumque
416 962 494 1004 regem
511 950 533 992 et
548 947 668 1011 Dominum
686 947 763 993 adesse
780 947 875 1003 dubitet,
891 962 945 1002 cum
956 948 980 991 in
990 962 1028 991 no-

152 1017 214 1061 mine
226 1021 276 1063 lesu
288 1017 409 1063 infirmitas
422 1019 505 1076 fugiat,
517 1023 675 1078 morspereat,
686 1019 733 1064 vita
743 1022 765 1063 et
773 1019 857 1063 sanitas
866 1020 953 1073 redeat,
965 1019 1029 1078 lepra

152 1089 242 1134 recedat
254 1093 276 1134 et
286 1089 384 1148 maligni
394 1091 488 1149 spiritus
501 1090 540 1149 qui
552 1091 684 1136 hominibus
694 1090 876 1135 dominabantur
884 1090 914 1135 ab
927 1089 1029 1135 homini-

151 1160 195 1205 bus
207 1160 357 1205 excludantur
371 1179 381 1204 c
397 1161 429 1221 (S.
445 1161 511 1221 Brut?
522 1164 548 1206 Et
558 1162 614 1221 quid
626 1162 724 1207 iiseffici
736 1154 792 1207 velit
803 1161 911 1218 Christus,
923 1162 947 1206 S.
961 1153 1025 1207 Hier.

153 1232 271 1278 declarat:
286 1250 296 1274 c
310 1248 338 1277 ne
352 1224 485 1277 hominihus
498 1234 617 1278 rusticanis
633 1238 655 1279 et
665 1234 751 1293 absque
767 1233 853 1293 eloquii
868 1235 985 1292 venustate
993 1233 1028 1276 in-

153 1303 224 1348 doctis
236 1307 259 1348 et
267 1304 393 1349 illitteratis
403 1320 471 1349 nemo
483 1306 586 1349 crederet
598 1305 760 1368 pollicentibus
771 1307 841 1362 regna
853 1305 977 1360 coelorum,
989 1304 1028 1348 dat

152 1378 289 1434 potestatem
299 1375 402 1420 infirmos
415 1391 503 1431 curare,
517 1377 619 1435 leprosos
633 1376 753 1431 mundare,
767 1376 888 1421 daemones
902 1376 991 1430 eiicere,
1003 1378 1028 1419 ut
1046 1419 1047 1422 ,

152 1447 337 1504 magnitudinem
356 1447 519 1506 promissorum
534 1447 616 1506 probet
635 1447 771 1505 magnitudo
790 1448 945 1503 signorum».
963 1447 1027 1490 Hisce

152 1532 206 1562 vero
221 1518 292 1562 fidem
308 1532 377 1577 quam
392 1518 492 1577 postulat
506 1518 608 1561 reddidit
624 1518 731 1572 facilem,
742 1520 830 1569 Quanta
848 1532 904 1575 ergo
921 1518 1027 1562 obeaeca-

152 1589 221 1634 tionis
229 1581 307 1649 culpat
381 1594 383 1597 ⁴
667 1586 668 1589 ’

130 1672 131 1675 ’
182 1661 299 1712 Quomodo
307 1661 805 1720 magnahaecbeueficiapraestarioporteat,
816 1664 1027 1721 quartopraecepto

152 1735 274 1777 monentur
287 1747 292 1777 ε
307 1733 381 1792 pratis
393 1732 518 1791 accepistis,
532 1732 606 1792 protis
618 1732 683 1787 dcte·
694 1732 726 1776 ita
738 1732 783 1792 ipsi
796 1747 888 1792 quoque
903 1732 1027 1777 edocentur

152 1804 179 1848 de
192 1803 333 1859 humilitate3
351 1803 423 1863 pratis
435 1804 551 1863 coemistis
560 1804 622 1858 dicit,
638 1819 666 1847 ne
681 1803 816 1863 superbiant
829 1804 889 1862 quod
903 1804 956 1848 talia
968 1804 1027 1848 dona

152 1880 173 1920 et
186 1875 288 1919 habeant
302 1877 324 1918 et
338 1875 401 1929 dent,
416 1875 455 1919 sed
471 1878 495 1919 ut
511 1890 562 1920 cum
574 1874 785 1919 humilitate‘etiam
800 1874 846 1919 sint
861 1878 1027 1934 contemptores

151 1946 283 1990 divitiarum
295 1945 402 2005 (Theopd.
416 1940 470 1991 Feb.
484 1945 565 2005 lens.)‚
579 1949 604 1989 ut
615 1946 686 2003 gratis
700 1948 794 1990 utantur
806 1961 832 1990 eo
848 1946 917 1990 dono.
932 1948 1026 1990 Omnem

149 2018 220 2076 igitur
227 2016 336 2063 avaritiae
346 2017 444 2076 speciem
452 2016 531 2061 sedulo
540 2017 569 2061 ab
576 2017 605 2061 iis
613 2017 681 2061 vitari
688 2017 747 2072 vute
757 2017 828 2076 idque
836 2032 862 2061 eo
871 2032 963 2076 quoque
972 2018 1027 2076 quia

149 2104 239 2148 semper
249 2089 308 2132 dona
320 2088 457 2147 spiritualia,
469 2089 488 2132 si
501 2103 586 2132 merces
596 2088 674 2132 media
686 2089 721 2143 sit,
734 2088 816 2148 viliora
824 2088 882 2132 fiunt
895 2089 928 2147 (S.
940 2088 1024 2149 Hier).

149 2160 203 2204 lnde
217 2160 298 2203 merito
309 2159 421 2217 eolligunt
432 2159 559 2203 doctrinam
571 2163 649 2203 contra
661 2158 782 2203 simoniam
798 2159 835 2218 (cf.
847 2160 870 2204 S.
888 2161 923 2203 Br.
937 2161 1024 2220 Dice).

77 2243 82 2245 “
149 2235 224 2290 Neque
234 2231 330 2276 obscure
341 2232 388 2275 eius
398 2230 561 2290 prohibitionis
571 2245 649 2275 causas
661 2230 750 2290 aliquas
762 2230 811 2289 ipse
823 2230 932 2275 Dominus
940 2231 1023 2277 innuit.

151 2306 205 2348 Cum
213 2303 274 2347 enim
284 2302 352 2357 dicat,
362 2304 455 2346 nilons.
469 2305 539 2357 notat,
549 2302 623 2362 pratis
633 2302 757 2361 accepistis,
770 2316 808 2345 eos
818 2316 864 2346 non
874 2316 921 2347 esse
932 2300 965 2346 ait
973 2303 1025 2347 illo·
1091 2359 1093 2363 ,

148 2390 199 2418 rum
207 2370 266 2433 quae
273 2378 408 2433 acceperunt
417 2373 529 2428 dominos,
539 2374 596 2418 sicut
602 2374 696 2417 illorum
704 2387 781 2418 sumus
789 2372 877 2434 domini
886 2388 944 2431 quae
952 2375 1025 2433 pretio

149 2449 171 2490 et
180 2445 260 2490 labore
266 2445 459 2504 comparavimus,
469 2459 536 2504 porro
544 2445 646 2489 venditio
657 2446 771 2503 repugnat
779 2443 863 2500 origini
870 2445 1025 2503 spiritualium

150 2531 208 2576 quac
222 2516 361 2575 proveniunt
375 2530 401 2559 ex
413 2516 513 2572 gratuita
527 2516 567 2559 Dei
580 2517 707 2578 voluntate3
720 2515 782 2559 unde
797 2514 970 2560 irreverentiam
981 2521 1025 2562 Deo

149 2587 242 2632 exhibet
257 2586 543 2646 rebusque‘spiritualibus
560 2587 600 2645 qui
615 2587 702 2642 vendit,
721 2600 773 2631 eum
789 2586 814 2630 id
829 2586 892 2645 quod
908 2591 965 2632 Deus
983 2604 1025 2648 per

76 2681 78 2684 ·
148 2660 222 2719 ipsum
236 2659 307 2716 gratis
320 2659 369 2703 vult
382 2658 513 2703 hominihus
525 2658 629 2703 conferre
640 2659 708 2702 faciat
720 2672 768 2702 non
779 2672 825 2702 esse
836 2659 971 2716 gratuitum.
983 2663 1024 2703 Ne-

148 2746 192 2790 que
207 2731 277 2775 etiam
294 2729 446 2775 conveniebat
459 2730 561 2790 accipere
578 2731 607 2775 ab
625 2730 653 2774 iis
673 2745 729 2789 quos
744 2733 879 2774 sanaverant
893 2744 989 2773 munera
1001 2732 1025 2775 in

149 2802 304 2847 testimoni-um
318 2802 377 2860 grati
388 2800 467 2856 animi,
483 2817 512 2846 ne
522 2802 570 2847 scil.
584 2802 656 2863 pietas
670 2805 796 2846 verteretur
804 2801 829 2844 in
842 2803 961 2858 quaestum
972 2805 993 2845 et
1001 2802 1025 2845 id

149 2873 210 2932 quod
222 2874 351 2919 institutum
366 2876 413 2918 erat
430 2874 460 2918 ad
474 2875 513 2918 Dei
529 2873 627 2932 gloriam
643 2877 665 2919 et
680 2874 710 2918 ad
725 2873 822 2917 salutem
837 2870 947 2928 fidelium,
960 2872 1024 2917 fieret

148 2943 234 3007 occasio
244 2945 361 2990 avaritiae.
372 2971 401 2979 -—
415 2945 515 3003 Longius
527 2949 605 2990 tamen
614 2944 763 3006 progreditur
773 2943 797 2987 S.
814 2942 893 3003 Chrys.
909 2944 1024 3003 explicans

147 3014 222 3076 pratis
230 3014 283 3059 date
293 3016 332 3070 ita,
344 3012 370 3061 ut
379 3017 437 3061 nillil
450 3018 578 3075 largiantur
587 3018 615 3062 iis
626 3017 699 3076 quise
710 3014 847 3074 receperint,
859 3030 914 3060 nam
925 3022 974 3060 turn
984 3016 1024 3075 qui

147 3087 262 3148 apostolos
271 3087 370 3146 hospitio
378 3089 522 3147 excepissent,
535 3091 609 3133 essent
617 3088 642 3131 in
650 3086 762 3131 deteriore
773 3087 911 3140 conditione.
922 3086 1023 3131 Christus

148 3163 223 3205 autem
232 3159 284 3220 ipse
291 3173 381 3204 socrum
391 3159 451 3203 Petri
463 3174 475 3203 a
486 3174 533 3219 que
544 3148 641 3217 hospitio
650 3161 755 3218 exceptus
764 3162 812 3203 erat
822 3159 915 3204 sanitati
925 3159 1023 3203 restituit
