2239 3511
135 190 173 229 570
201 188 202 191 ’
485 193 558 222 trama.
575 192 617 221 oar.
634 183 666 221 13.
677 235 678 238 ¹
691 194 698 215 κ

136 274 251 327 humanae
264 264 323 326 ritae
337 280 477 331 conditiones
488 279 592 324 doctrina
605 279 673 337 regni
684 276 712 324 sit
723 281 878 338 penetratura.
892 280 974 330 Quinta
983 279 1012 330 de

136 354 242 403 thesauro
251 350 385 396 abscondito
394 350 491 395 ostendit
500 351 613 395 bonorum
625 351 715 410 copiam
723 345 748 394 in
756 365 782 394 eo
791 364 863 407 regno
873 351 1011 408 conclusam,

137 437 206 482 quam
218 425 243 467 ut
256 422 410 486 adipiscamur
421 418 511 482 reliqua
523 422 599 467 omnia
611 422 655 473 sint
667 436 708 482 pro
720 420 795 481 pretio
809 420 892 466 danda.
907 421 973 485 Sexta
985 422 1015 466 de

136 495 262 551 margarita
276 507 389 538 summam
402 488 470 537 lruins
483 494 549 551 regni
561 490 678 548 virtutem,
692 485 897 552 pnlolrritudin'em,'
912 492 1013 550 dignita·
1063 539 1066 543 ,

63 583 65 591 ’
136 568 189 621 tem,
201 565 391 631 existimationem
401 565 540 620 manifestat,
551 580 593 624 pro
604 579 650 624 qua
659 566 740 609 cuneta
749 564 889 624 profundere
900 566 1012 630 oporteat.

137 637 237 696 Septima
250 638 342 682 demum
352 636 421 681 huius
430 636 497 694 regni
509 639 624 682 terrenam
635 635 853 697 consummationem
863 650 921 695 quae
931 634 1013 679 ultimo

101 718 103 720 ·
136 704 342 753 futurasit'iudioio
350 711 371 752 et
380 707 762 768 sortembonornmimpiorumque
770 706 1011 771 aeternamdesoribit.
1032 758 1034 761 Α

166 783 190 824 ln
197 779 291 825 ,duabus
300 780 380 840 itaque
390 780 506 840 prioribus
515 795 614 838 regnum
623 780 689 826 nobis
697 780 940 842 exhibeturquatenus
947 778 1014 822 variis

137 850 308 911 impedimentis
318 852 366 897 eins
376 851 479 895 doctrina
487 853 509 895 et
517 851 603 897 fruetus
613 852 652 910 qni
660 851 715 912 inde
724 852 810 911 sperari
819 851 891 911 possit
899 849 1013 905 obiicitur,
1038 842 1040 844 ¹

64 916 66 919 ’
106 912 111 919 ”
136 922 313 980 impedimentis,
326 926 350 965 ut
365 924 386 965 S.
400 922 497 966 Thomas
509 922 573 975 dicit,
586 922 613 967 od
627 921 696 978 intra,
709 936 768 980 qnae
779 922 804 966 in
815 923 890 982 prima
903 920 1015 982 parabola

137 992 292 1049 designantur,
308 995 330 1036 et
346 993 465 1054 adextret,
481 1008 494 1037 a
510 992 610 1047 diabolo,
627 992 655 1036 de
673 991 756 1052 quibus
770 992 796 1037 in
813 992 912 1037 secunda
928 991 1013 1049 agitur.

98 1111 102 1117 Δ
137 1066 195 1108 Duae
204 1064 369 1122 subsequentes
379 1063 427 1108 eius
436 1063 503 1121 regni
512 1063 638 1109 efficaciam
647 1062 769 1109 ostendunt
778 1062 892 1123 duplicem
902 1060 1015 1122 quatenus

137 1135 184 1178 eius
192 1135 384 1195 propagationem
393 1145 440 1194 per·
445 1134 523 1179 orbem
531 1134 556 1179 in
563 1150 636 1193 grano
643 1134 728 1193 sinapis
737 1137 758 1179 et
766 1135 814 1179 eius
821 1134 868 1179 vim
876 1133 904 1178 ad
913 1135 1015 1178 humana

90 1217 92 1219 ·
139 1205 216 1267 omnia
226 1205 381 1250 consecranda
390 1206 414 1249 in
423 1207 535 1250 fermento
546 1205 709 1251 demonstrant.
722 1205 785 1250 Aliae
794 1206 853 1250 duae
863 1205 929 1260 nobis
939 1207 1014 1249 osten-

137 1276 194 1321 dunt
204 1277 284 1336 quanti
294 1277 323 1321 sit
332 1291 431 1334 regnum
441 1276 608 1339 aestimandum
618 1272 712 1337 propter
722 1276 890 1337 abundantiam
901 1276 1015 1339 bonorum

139 1351 161 1391 et
170 1347 294 1405 maximam
304 1348 352 1393 eius
362 1338 470 1391 virtutem
480 1352 502 1393 et
514 1348 614 1407 pretinm
627 1362 749 1400 summum.
762 1347 847 1399 Quibus
856 1350 908 1406 apte
919 1344 1014 1391 subiun-

138 1418 201 1475 gitur
209 1419 262 1463 finis
273 1421 296 1462 et
308 1419 474 1463 consummatio
487 1408 679 1476 regniterrestris
692 1418 786 1477 eiusque
798 1418 954 1463 membrorum
965 1432 1013 1462 sors
1054 1478 1056 1481 y
1076 1461 1078 1465 .

138 1492 237 1535 aeterna.
253 1494 314 1534 Bene
329 1482 407 1548 itaque
419 1493 443 1534 S.
459 1490 554 1533 Thomas
569 1489 601 1533 ait
614 1489 637 1532 in
654 1489 788 1549 parabolioa
803 1488 906 1551 doctrina
920 1489 964 1534 hae
977 1488 1013 1532 in-

137 1560 199 1605 tendi
210 1559 254 1605 tria
266 1572 271 1604 t
282 1561 358 1620 primo
372 1562 427 1620 poni
439 1560 604 1619 impedimenta
617 1560 762 1619 evangelioae
777 1559 901 1614 doetrinae,
914 1559 1013 1604 seeundo
1040 1553 1041 1557 ’

117 1642 119 1667 2
136 1631 351 1690 profertumtertio
363 1631 507 1690 dignitatem.
944 1671 948 1680 „

164 1700 220 1762 llae‘o
233 1698 308 1747 antem
323 1701 351 1745 de
367 1716 439 1758 regno
454 1700 566 1744 messiano
584 1699 689 1745 doctrina
700 1701 820 1760 ‘parabolis
835 1702 938 1748 involuta
952 1719 1021 1764 quam

134 1775 231 1819 maxime
243 1773 332 1817 diversa
347 1775 380 1816 est
394 1771 422 1816 ab
436 1770 476 1815 illa
489 1771 555 1828 regni
569 1771 736 1831 exspectatione
749 1788 819 1832 qnam
832 1773 909 1818 Iudaei
920 1789 1021 1820 oommu-

134 1848 194 1890 niter
206 1844 323 1894 fovebant.
335 1842 396 1888 Nihil
411 1842 439 1886 de
454 1845 506 1895 ortu
519 1842 567 1886 eius
580 1842 686 1900 glorioso,
700 1844 806 1888 omnibus
820 1846 952 1904 oonspiou03
962 1847 1021 1891 nihil

135 1918 163 1962 de
174 1930 267 1977 pompa,
281 1913 421 1959 subiectione
431 1912 543 1980 gentium,
555 1913 710 1959 dominatione
721 1915 866 1969 Iudaeornm;
878 1915 949 1962 immo
962 1918 1021 1963 nihil

114 1998 117 2004 '
134 1989 163 2032 de
172 1988 223 2032 iure
233 1986 273 2030 illo
284 1984 423 2029 hereditario
433 1999 478 2043 quo
486 1984 564 2030 Iudaei
573 1999 596 2039 se
605 1999 682 2029 omnes
689 1984 714 2029 in
721 2001 819 2044 regnum
826 1986 886 2031 illud
893 2003 940 2034 esse
948 1991 1020 2035 trans-

133 2057 240 2104 ferendos
258 2056 412 2115 opinabantur
428 2055 495 2100 titulo
512 2055 635 2101 nativitatis
648 2057 661 2100 a
674 2057 780 2116 patribus
798 2059 882 2117 quibus
900 2060 1019 2119 promissio

133 2132 194 2175 faeta
207 2128 242 2174 sit.
258 2130 400 2186 Quapropter
410 2127 500 2171 ‘mirum
515 2141 562 2171 non
578 2130 611 2172 est
625 2128 672 2172 istis
686 2128 833 2187 opinionibus
849 2130 948 2175 imbutos
964 2132 1020 2190 quid

134 2203 177 2245 hae
188 2198 312 2260 parabolae
321 2198 364 2242 sibi
374 2198 458 2242 vellent
469 2201 491 2242 et
500 2197 529 2242 ad
538 2198 594 2257 quid
602 2198 721 2243 tenderent
730 2214 776 2244 non
787 2199 932 2246 intellexisse.
944 2205 1020 2262 Neque

137 2271 198 2316 enim
211 2271 336 2317 eredebant
349 2275 421 2317 Iesum
435 2287 483 2317 esse
494 2272 605 2329 Messiam3
616 2274 704 2339 humili,
712 2275 760 2319 eius
772 2274 854 2327 habitu
865 2273 1013 2319 offendeban-

135 2346 183 2396 tur3
194 2344 228 2386 tot
241 2357 267 2389 ae
280 2345 344 2388 tanta
356 2343 460 2389 videntes
472 2344 583 2390 miracula
594 2360 641 2390 non
653 2344 770 2399 videbant,
783 2348 817 2390 tot
830 2345 950 2404 audientes
962 2348 1013 2391 lesu

127 2413 164 2457 ”de
177 2426 200 2458 se
213 2414 339 2460 testimonia
351 2429 398 2458 non
408 2414 534 2472 audiebant
544 2415 601 2475 quid
611 2416 660 2460 istis
670 2416 775 2460 omnibns
788 2416 843 2474 ipsis
854 2416 914 2460 clare
926 2431 1012 2476 propo-

135 2487 235 2528 neretur.
248 2488 319 2536 Quam
329 2485 448 2534 rationem.
455 2486 503 2544 ipse
514 2486 614 2530 Christus
623 2489 702 2544 aperte
711 2486 798 2530 indioat
809 2485 885 2545 (13,ss
897 2485 966 2546 seq,);
979 2489 1012 2532 at-

84 2590 87 2611 }
137 2554 218 2613 quein
229 2555 276 2598 eius
285 2555 351 2598 verbi
361 2554 557 2600 confirmationem
571 2559 622 2616 post
632 2556 754 2615 parabolas
764 2560 872 2605 narratur
883 2558 1012 2617 exemplum

134 2625 292 2669 obdurationis
301 2625 362 2671 illius
373 2641 398 2671 ao
408 2626 521 2672 baesitatis
531 2620 593 2686 quod
604 2626 649 2686 ipsi
662 2631 711 2672 lesu
723 2627 781 2673 eives
793 2629 914 2674 ediderunt
926 2629 1013 2689 (lana-

135 2696 180 2756 58).
227 2706 228 2710 ¹

160 2810 247 2851 Recenti
255 2813 351 2864 tempore
362 2811 429 2853 multa
437 2811 514 2863 soripta
521 2814 571 2853 sunt
578 2812 604 2852 de
612 2811 725 2864 parabolis.
733 2814 827 2864 Longam
835 2822 909 2852 eorum
921 2823 1010 2853 enume-

134 2874 239 2914 rationem
249 2876 337 2926 praebet
343 2875 418 2928 Fooele,
428 2877 466 2917 Die
474 2876 577 2918 Parabeln
587 2878 623 2918 des
632 2879 699 2919 Herrn
708 2878 738 2917 im
746 2867 885 2928 Evangelium
893 2878 1012 2930 exegetisch

135 2939 178 2979 und
190 2939 299 2991 praktisoh
307 2942 415 2991 erlautert,
427 2942 609 2984 lnnsbruelr‘ttltt
619 2956 640 2995 p.
651 2954 725 2983 xr-mv.
738 2944 785 2993 lpse
793 2941 881 2981 notione
891 2943 1009 2995 parabolae,

133 3004 178 3045 eius
185 3014 250 3057 soopo
258 3006 278 3044 et
284 3009 408 3055 argumento
416 3008 526 3048 declaratis
531 3008 642 3060 parabolas
649 3006 742 3058 singulas
750 3006 810 3055 docte
819 3009 839 3046 et
847 3007 913 3048 solide
921 3008 1011 3060 explieat

62 3083 67 3087 ·
134 3070 898 3125 etquaestrerumpalaestinensiumperitiaplurafelioIssimeenodavit,
907 3073 1010 3125 inquibus

132 3135 167 3175 alii
175 3135 208 3175 vel
219 3136 333 3176 haeserunt
342 3135 376 3176 vel
388 3139 491 3186 errarunt3
503 3138 559 3178 haud
569 3148 616 3178 raro
626 3137 703 3176 refutat
714 3147 794 3177 errores
805 3138 929 3190 nuperrimo
939 3138 1008 3190 prola·
