2211 3575
404 265 407 274 ,
424 240 501 269 narra.
519 231 537 279 a,
554 230 571 269 l.
900 235 938 274 l31

63 320 159 368 evolvens
174 328 265 370 Lericon
280 330 425 384 heptaglotton
439 334 526 373 auctore
538 332 627 373 Castello
637 333 651 372 t.
664 333 682 372 ⁶2.
697 332 738 373 col.
754 332 812 372 lasa.
826 332 875 371 lael
887 343 902 371 s.
913 343 935 371 v.

63 401 106 447 cah
114 395 134 432 et
143 402 191 437 wat:
202 395 222 433 et
229 395 316 435 Journal
324 396 429 449 asiatique
437 398 450 437 l.
461 409 480 437 o.
489 409 510 450 p.
521 398 558 437 lec
566 400 612 437 not.
624 398 642 437 3.
653 397 710 444 Quae
720 397 737 437 si
747 396 870 437 lustraveris
880 395 937 436 haud

63 468 122 509 aegre
133 458 252 499 consenties
263 471 310 500 cum
319 462 422 513 scriptore
432 461 565 502 hollandiano
575 462 599 501 in
609 463 653 501 Act.
664 463 788 502 Sanctorum
796 464 856 501 tomo
868 464 876 501 l
888 459 937 501 llaii

63 533 83 572 p.
95 521 130 562 Vll
140 522 186 563 VIII
195 524 267 563 omnia
277 525 319 565 soil.
330 525 533 565 hallucinationibus
543 526 641 576 confingi.

89 585 132 625 lltsi
145 587 231 628 nomina
246 601 329 641 quoque
343 600 397 642 quae
407 589 468 629 hodie
484 589 625 629 communiter
638 585 737 630 teruntur
749 589 830 629 incerta
843 591 899 637 sunt⁷
911 601 937 628 eo

62 652 132 691 tamen
149 654 280 694 venerationi
296 666 406 706 magorum
415 646 472 706 'quae
487 655 509 693 in
525 653 619 695 eeclesiis
632 654 760 706 quibusdam
775 654 937 706 particularibus

62 715 107 756 fieri
117 717 173 764 solet
182 718 234 757 nihil
241 718 368 770 praeiudicii
379 720 469 759 affertur.
482 720 538 771 Opus
549 720 629 772 quippe
639 722 682 759 erat
690 722 716 760 ut
726 720 764 759 sub
774 720 838 760 certis
847 718 938 759 nomini-

62 781 101 821 bus
117 784 247 823 venerationi
261 787 441 836 proponerentur3
455 784 510 824 nihil
524 796 572 825 vero
586 785 676 825 interest
688 785 822 837 gesserintne
836 785 887 824 haec
901 795 938 823 no-

62 846 119 886 mina
128 858 155 886 an
166 848 215 896 alia3
227 849 304 889 sufficit
316 861 353 901 pro
364 850 423 890 cultu
433 852 458 890 ut
470 850 527 903 magi
541 850 576 902 qui
591 849 695 891 Christum
710 849 851 890 adoraverunt
859 849 891 890 his
901 861 938 889 no·
988 888 991 891 Δ
1046 893 1049 898 f

62 911 155 952 minibus
166 913 303 966 designentur
317 918 339 960 et
352 916 387 955 his
400 916 522 956 nominibus
533 914 567 968 pia
578 916 681 956 memoria
695 915 837 956 celebrentur.
851 908 938 966 Antiqui

63 988 146 1030 quoque
162 977 270 1020 christiani
284 980 408 1033 uitandaque
422 982 509 1035 nomina
522 981 734 1022 indideruntsanctis
746 971 876 1033 martyribus
888 992 938 1032 tyrro-

62 1053 108 1082 rum
117 1055 169 1084 vera
181 1046 268 1085 nomtna
280 1047 404 1097 ignorabant
418 1058 454 1098 pro
464 1047 545 1095 lubitu,
555 1047 584 1086 ita
600 1046 682 1099 exsistit
691 1048 772 1099 martyr
785 1046 805 1086 S.
821 1045 935 1086 Adauotus.

62 1129 88 1135 -
95 1109 193 1149 Getarum
200 1110 228 1150 de
237 1122 312 1150 eorum
323 1112 380 1151 cultu
390 1111 436 1151 vide
443 1111 464 1150 in
474 1112 520 1150 Act.
533 1112 658 1151 Sanctorum
666 1111 805 1151 bollandianIs
815 1114 869 1151 tom.
881 1112 891 1150 l
903 1110 937 1151 die

63 1174 151 1213 ianuarii
165 1176 184 1214 1,
197 1176 215 1214 6.
228 1177 285 1231 ΜΡ.
298 1176 317 1215 8.
332 1177 379 1216 323.
391 1177 436 1216 tdl.
449 1177 539 1217 Nomina
553 1188 607 1227 quae
618 1175 680 1216 hodie
691 1176 832 1216 communiter
844 1176 939 1217 teruntur

63 1243 110 1293 apte
120 1239 149 1279 ita
161 1236 261 1292 explicari
273 1244 371 1292 possunt,
385 1244 407 1282 ut
419 1241 441 1281 id
454 1241 480 1281 iis
491 1242 624 1293 exprimatur
634 1241 689 1293 quod
703 1243 786 1281 veteres
795 1241 862 1292 aliqui
871 1241 893 1280 in
902 1241 939 1280 tri-

63 1306 101 1346 hus
111 1305 186 1357 magis
195 1306 290 1358 gentium
299 1306 409 1358 primitiis
420 1307 543 1356 cernebant;
555 1307 599 1346 scil.
613 1317 648 1347 eos
659 1307 713 1346 inse
724 1306 881 1358 repraesentare
889 1317 949 1357 gen--

64 1375 94 1411 tes
105 1383 128 1411 ex
138 1371 206 1424 tribus
217 1371 266 1411 tiliis
279 1372 322 1412 Noe
332 1374 398 1421 ortas;
411 1373 520 1425 Gasparius
530 1372 585 1412 enim
595 1372 681 1412 nomine
691 1383 731 1412 suo
742 1383 779 1412 nos
788 1371 898 1412 remittere
906 1371 938 1410 ri-

64 1437 123 1477 detur
132 1436 160 1476 ad
171 1448 228 1476 mare
243 1437 352 1488 caspicurn
365 1440 388 1478 et
400 1437 501 1479 familiam
517 1438 592 1478 ericam
601 1436 617 1484 ⁴,
631 1449 678 1489 ergo
692 1437 719 1478 ad
733 1440 831 1489 posteros·
842 1435 937 1488 tapheth,

64 1501 164 1542 hlelohior
179 1500 304 1554 [malchi-or)
316 1514 352 1543 rex
366 1504 429 1551 lucis,
445 1503 470 1544 ad
485 1504 581 1555 regiones
596 1503 758 1552 meridionales,
770 1503 794 1543 ad
809 1504 936 1555 Aegyptum,

63 1566 203 1619 Aethiopiam,
214 1566 250 1607 uhi
261 1569 340 1619 posteri
351 1569 416 1609 dham
427 1568 538 1621 degebant,
547 1569 663 1617 Balthasar,
673 1580 752 1608 nornen
763 1568 895 1608 chaldaicum
905 1566 937 1607 vel

64 1633 152 1672 Danielis
164 1633 198 1671 vel
207 1633 260 1685 'regis
273 1633 299 1672 de
310 1645 350 1685 quo
360 1635 412 1673 Dan.
425 1645 467 1685 cap.
479 1635 492 1673 5
503 1634 529 1673 ad
537 1634 634 1686 regiones
644 1634 784 1685 babylonicas,
795 1645 847 1684 quas
858 1632 936 1684 posteri

64 1697 112 1737 Sem
128 1697 255 1737 incolebant.
276 1698 341 1745 Quare
357 1693 513 1739 haeo'nonrina
529 1699 689 1751 syrnbola'sunt
703 1701 754 1750 apta
769 1698 794 1738 ad
811 1698 936 1749 mysterium

63 1762 191 1818 Epiphaniae
202 1763 355 1803 declarandum.
401 1774 403 1778 ’

94 1910 207 1955 Particula
215 1904 236 1952 {ll
244 1911 317 1972 (vulg.
327 1913 401 1971 ergo),
410 1913 442 1955 uti
448 1913 519 1956 moris
527 1915 566 1968 est,
575 1912 677 1956 narratio
686 1911 832 1956 continuatur
840 1912 877 1955 vel
883 1911 938 1955 alius

65 1992 157 2033 eventus
173 1988 202 2033 ad
216 1990 293 2049 priora
306 1990 443 2034 annectitur.
459 1990 545 2033 Dicitur
561 1988 692 2033 Bethlehem
703 1992 743 2037 τῆς
757 1982 872 2039 Ἰουδαίας,
884 1988 898 2033 i.
916 2003 935 2033 e.
1004 2019 1006 2022 -

63 2060 88 2103 in
98 2060 160 2104 trihu
174 2060 236 2115 luda,
247 2061 272 2104 in
283 2060 375 2118 regione
390 2061 445 2104 olim
454 2060 526 2118 tribui
536 2060 590 2105 luda
599 2059 722 2117 assignata,
737 2059 796 2104 uude
806 2059 937 2104 Bethlehem

63 2131 118 2175 luda
129 2131 178 2175 lud.
197 2136 258 2187 17‚9;
273 2136 334 2186 rat.
345 2136 356 2176 1
366 2135 427 2177 Sam.
442 2132 596 2188 17,12‚'etianr
610 2131 665 2175 olim
675 2132 775 2191 Ephrata
792 2135 845 2176 Gen.
862 2135 936 2185 35,16.

66 2208 100 2247 19.
119 2202 311 2247 Additurautem
327 2203 397 2257 larda,
415 2206 440 2247 ut
452 2203 605 2260 distinguatur
619 2218 633 2246 a
646 2202 777 2247 Bethlehem
790 2203 813 2246 in
826 2202 890 2245 trihu
900 2205 937 2245 Za-

63 2274 133 2317 bulon
142 2277 184 2318 los.
199 2278 271 2328 19‚l5.
285 2274 383 2318 Bistahat
393 2289 407 2317 a
417 2275 538 2318 Ierusalem
547 2274 666 2317 meridiem
677 2287 754 2317 versus
763 2287 799 2316 sex
807 2273 880 2316 millia
889 2288 937 2332 pas-

64 2359 136 2388 suum.
152 2347 209 2388 Cum
220 2347 321 2402 tempore
334 2348 383 2403 post
395 2345 496 2388 exsilium
511 2344 592 2389 Iudaea
602 2344 697 2388 arctiore
710 2358 778 2388 sensu
790 2343 937 2388 adhiberetur

64 2431 106 2475 pro
121 2416 215 2473 regione
228 2416 367 2460 Palaestinae
386 2414 542 2459 meridionalis
561 2416 590 2459 cis
604 2415 725 2460 Iordanem
741 2418 763 2459 et
776 2430 788 2459 a
804 2415 904 2461 Galilaea
917 2418 938 2459 et

65 2488 167 2532 Samaria
176 2486 354 2545 distingueretur
362 2486 400 2547 (ci.
409 2488 482 2532 ltlatth,
496 2491 558 2540 luth.
569 2490 691 2541 llarc.,3‚'l.
701 2489 756 2539 Luc,
765 2489 809 2542 ΞΑ.
820 2490 883 2532 loan.
892 2492 936 2542 tab

66 2569 101 2609 ll.
121 2570 156 2610 5l.
176 2567 225 2609 hot.
237 2564 294 2623 8‚1)‚
312 2565 377 2609 etiam
394 2565 439 2608 hoc
455 2565 503 2609 loeo
522 2564 586 2609 lectio
597 2556 699 2612 Ἰουδαίας
711 2567 774 2608 recte
788 2564 892 2623 ponitur,
906 2564 939 2631 uti

88 2717 102 2746 1.
111 2715 136 2747 Ita
144 2713 219 2756 expilant
227 2722 242 2746 vt
250 2721 264 2754 g.
277 2712 367 2747 Votlrrnor.
374 2713 409 2747 arti
417 2715 471 2746 tanren
479 2712 540 2753 aliter3
548 2714 606 2747 Loratb
614 2714 737 2754 interpretatur
746 2712 832 2754 cas-stpar
839 2712 852 2744 i.
863 2721 877 2745 e,
887 2712 937 2746 Thro-

65 2776 99 2800 nus
109 2767 185 2810 Siparae3
195 2766 225 2800 alli
235 2775 297 2800 nornen
306 2766 381 2808 Gaspard
389 2766 436 2799 idem
445 2776 505 2800 nomen
515 2775 551 2800 esse
559 2766 621 2799 uolunt
635 2774 673 2798 curn
684 2765 783 2806 eudnapaa
796 2774 833 2808 rege
845 2765 912 2808 indico,
919 2767 939 2800 de

65 2830 101 2863 quo
111 2830 164 2854 sermo
172 2821 225 2854 estin
235 2820 304 2854 laribus
312 2820 413 2863 apocryphis
420 2820 492 2853 Tlronrae
504 2819 576 2861 apostoli
587 2818 728 2862 (Gunduphoros,
740 2819 762 2851 ct.
771 2820 849 2862 Lipsius,
860 2820 891 2853 Die
900 2829 938 2863 apo

64 2873 140 2917 lrryplren
147 2874 326 2918 Apostalgeschrehten
333 2875 341 2907 l
348 2883 364 2917 p.
372 2873 411 2916 252)
419 2876 435 2906 ct
442 2873 471 2915 qui
479 2873 499 2906 ab
507 2872 568 2906 Iacobo
576 2873 659 2906 edesseno
669 2873 762 2916 Godephor
770 2875 845 2906 vocatia:
856 2874 882 2906 Ex
890 2883 938 2907 nurn-

65 2928 99 2961 mis
105 2928 135 2971 qui
143 2928 210 2962 recenti
217 2929 293 2971 tempore
303 2927 368 2961 inventi
375 2928 417 2960 sunt
426 2926 444 2959 in
451 2925 631 2969 plenariis-scissas,
642 2927 739 2969 Kandahar,
751 2927 769 2959 in
777 2930 823 2968 parte
832 2926 939 2961 meridionali

65 2982 170 3021 Pandsohab,
183 2982 200 3014 in
209 2981 263 3014 llahul
271 2980 330 3024 colligi
341 2981 408 3015 videtur
417 2980 460 3013 circa
470 2981 539 3023 tempus
548 2980 644 3014 nativitatiS
653 2980 715 3015 Christi
725 2981 763 3013 eius
772 2980 843 3013 nominis
853 2989 910 3023 regem
917 2981 940 3014 ibi

66 3033 125 3069 fuisse.
138 3036 195 3068 Etiam
202 3033 220 3067 in
228 3035 258 3067 hac
266 3034 362 3076 acceptione
372 3035 438 3077 Gaspar
448 3033 489 3067 filios
498 3033 528 3066 vel
537 3036 611 3076 posteros
620 3034 693 3076 Iapheth
701 3036 827 3077 repraesentat3
837 3034 860 3067 oi.
871 3035 939 3067 serica:

65 3096 82 3128 p.
90 3090 116 3121 97.
124 3089 159 3121 aria
169 3087 210 3120 vide
218 3088 262 3130 apud
269 3088 292 3121 de
304 3090 393 3130 actuosae,
403 3087 536 3130 hlittheilungen
544 3089 569 3120 ΙΙΙ
576 3098 592 3131 p.
605 3090 625 3122 73
635 3088 743 3130 (Goettiugen
757 3087 807 3130 1889).
819 3088 894 3121 Nomina
905 3097 939 3121 ma-

65 3150 125 3181 gorum
134 3141 187 3176 refert
198 3141 264 3174 rezola
275 3141 314 3182 [Die
325 3141 446 3182 Soliatzhohle¹
459 3141 524 3184 syrisclr
534 3141 570 3175 und
580 3141 660 3183 leutsch,
671 3142 737 3184 Leipztg
749 3135 796 3184 1883)
804 3140 894 3180 Hormizd,
905 3143 939 3174 lar·

65 3193 136 3236 degerd,
143 3197 202 3229 Peroz.
