2211 3575
457 206 532 269 mna
550 230 575 277 r,
585 228 618 268 18.
687 244 695 251 -·
954 232 979 270 aa
1019 215 1036 256 -’

96 330 172 391 potius
185 329 300 387 significat
316 332 362 375 non
373 330 514 390 quaerendo,
532 345 579 376 non
595 329 725 389 cogitando,
743 331 835 389 praeter
845 326 979 387 opinionem

97 400 185 460 aliquid
198 400 310 457 invenire,
324 404 347 446 ut
361 403 439 462 Chrys.
455 403 552 447 idoneus
567 403 644 461 graeci
653 402 766 446 sermonis
775 399 838 446 testis
848 396 978 451 adnotavit,

96 486 142 517 non
153 486 208 529 ergo
224 473 304 533 loseph
321 473 463 531 vestigando,
482 473 584 517 sednon
599 473 742 532 quaerendo,
754 474 804 517 visu
821 485 894 530 eoque
904 467 979 529 puris-

96 545 153 606 simo
165 544 307 604 minimeque
318 546 406 589 curioso
416 544 510 589 Mariam
520 534 687 603 praegnantem
696 543 784 586 invenit
796 560 806 583 a
818 540 917 599 (arata),
929 539 975 589 scil.

96 615 162 660 sicuti
174 615 248 673 quivis
261 615 301 675 qui
315 616 382 660 modo
397 615 475 659 oculos
490 614 600 659 adiiceret
610 614 688 658 videre
699 617 774 673 posset
783 627 834 657 eam
844 626 891 656 csse
902 610 978 668 gravi·
1021 636 1022 639 =
1091 632 1093 635 v

96 688 156 731 dam.
176 685 236 730 Illud
251 690 328 731 antem
346 687 373 731 de
383 687 480 747 Spiritu
497 694 574 730 sancto
593 704 604 727 «
620 686 743 731 Matthaeus
756 684 851 730 ardenti
866 682 978 743 probatur

77 790 78 793 η
98 756 174 807 amore
196 752 366 818 praeveniendo
389 758 514 814 addidisse,
538 761 663 817 antequam
689 757 784 815 angelus
802 757 825 801 id
843 756 975 815 exponeret,

86 830 194 874 'maxime
209 844 238 873 ne
255 829 345 874 lectoris
364 830 468 874 animum
484 844 537 874 mox
555 828 690 889 subreperet
707 828 805 888 suspicio
823 842 881 888 quae
898 827 977 885 postea
1024 882 1027 889 1

96 901 161 945 dictis
172 900 282 958 angelicis
292 901 415 960 purganda
426 904 484 956 esset
499 919 509 943 >i
528 899 560 960 (S.
577 890 656 946 Pusula.
673 900 769 960 Thura).
781 903 818 944 Est
826 899 899 962 igitur
909 912 977 957 expo-

94 972 214 1016 nendum:
230 971 325 1017 inventa
339 976 379 1029 est,
396 972 505 1033 apparuit
518 973 622 1031 gravida,
638 976 660 1016 at
669 972 770 1017 habebat
780 973 804 1015 in
817 973 881 1016 utero
893 968 975 1030 (lilium

93 1043 132 1087 Dei
148 1043 293 1103 conceptum)
314 1045 342 1088 de
361 1045 447 1103 Spiritu
466 1048 544 1089 sancto
568 1044 630 1104 (Bar.
652 1045 712 1088 [aaa.
729 1045 784 1103 Lup.
804 1041 866 1102 etc).
882 1044 908 1086 Et
924 1055 975 1084 eam

94 1114 268 1174 explicationem
286 1129 355 1173 quam
372 1115 478 1174 plerique
493 1117 715 1174 sequunturveram
733 1129 788 1169 esse,
803 1113 867 1158 haud
880 1111 974 1157 difficile

92 1185 216 1245 probatur,¹
224 1186 325 1244 Exceptis
339 1185 399 1229 enim
414 1185 531 1229 Elisabeth
547 1188 569 1229 et
581 1186 690 1230 Zacharia
700 1200 768 1230 nemo
780 1185 867 1231 sciebat
880 1183 974 1228 modum

61 1290 63 1294 .
93 1257 170 1316 quob.
188 1256 256 1314 Virgo
272 1257 477 1316 supernaturaliter
487 1260 632 1317 conceperat;
649 1258 694 1302 iani
708 1257 824 1316 quomodo
835 1256 875 1300 alii
890 1256 974 1298 ineius

92 1328 198 1372 notitiam
209 1329 322 1383 venirent,
334 1329 389 1373 dum
399 1331 488 1373 tacente
500 1328 568 1373 Maria
579 1329 604 1372 id
617 1343 645 1373 ne
656 1328 704 1388 ipse
715 1328 807 1388 quidem
818 1342 915 1388 sponsus
926 1327 974 1371 eius

92 1401 257 1466 cognosceret?
269 1399 391 1459 losephum
407 1402 485 1444 autem
502 1401 598 1445 modum
616 1392 770 1459 conceptionis
784 1400 909 1457 ignorasse,
926 1391 973 1443 iam
1015 1422 1017 1425 ⁴

91 1470 142 1514 Ab.
154 1470 226 1516 Malcl.
243 1472 304 1515 laras.
323 1486 348 1514 ex
360 1485 464 1515 sermone
479 1471 556 1529 angeli
571 1471 664 1515 omnino
679 1474 782 1515 constare
798 1473 908 1525 asserunt,
921 1485 973 1514 cunr

93 1542 188 1587 tandem
198 1543 292 1598 angelus
306 1556 357 1587 eum
371 1541 453 1586 doceat
463 1543 491 1586 de
503 1541 591 1601 Spiritu
604 1545 682 1586 sancto
694 1556 740 1587 esse
752 1541 813 1601 quod
823 1542 883 1586 inea
893 1546 972 1587 natum

90 1613 125 1658 sit,

84 1757 86 1760 .
115 1723 167 1763 Sunt
180 1724 250 1762 tamen
267 1722 347 1761 iamin
363 1722 490 1773 antiquitate
505 1722 540 1773 qui
555 1722 724 1762 enuntiationem
737 1722 791 1763 hanc
805 1722 890 1762 taceretur
904 1727 933 1761 est
949 1722 972 1761 ta

90 1793 146 1827 atero
155 1787 230 1827 ltulcas
238 1786 262 1827 dc
271 1785 353 1840 Spiritu
360 1792 431 1827 abacto
439 1786 571 1827 coniunctim
580 1785 722 1839 accepe1·int⁴;
732 1787 762 1826 ita
768 1787 846 1838 legitur
853 1788 874 1826 in
882 1787 971 1827 homilia

90 1853 116 1892 de
128 1853 219 1893 humana
230 1852 305 1893 Christi
317 1852 427 1892 nativitate
439 1863 494 1904 quae
505 1851 526 1891 S.
538 1851 617 1892 Basilio
632 1852 790 1893 adsentiebatur
803 1851 862 1906 (falso
873 1851 953 1905 tamen)
966 1865 970 1892 :

88 1921 201 1970 utrumque
209 1918 292 1958 invenit
302 1918 378 1969 Ioseph
387 1921 408 1957 et
414 1918 578 1969 conceptionem
586 1922 606 1957 et
615 1929 699 1958 causam
708 1918 765 1974 quod
773 1919 799 1958 de
807 1918 889 1971 Spiritu
896 1921 970 1958 sancto

89 1982 96 2036 t
101 1984 122 2023 in
132 1984 195 2023 volt
206 1983 256 2023 edit.
266 1983 410 2023 llaurinorum
421 1996 441 2035 p.
451 1982 499 2035 597)
511 1983 562 2023 etin
574 1983 736 2035 quaestionibus
747 1983 774 2023 ad
782 1983 855 2036 Steph.
864 1984 971 2024 Eusebius

88 2048 152 2088 dicit:
162 2064 171 2085 ((
181 2049 236 2088 siout
245 2048 354 2089 Elisabeth
361 2060 387 2088 ex
394 2048 476 2101 Spiritu
485 2059 501 2088 s.
511 2050 586 2088 notum
596 2048 726 2096 factumest,
736 2048 765 2088 ita
772 2048 863 2100 losepho
872 2061 966 2101 quoque,

88 2114 155 2154 iustus
169 2114 225 2153 enim
241 2116 285 2154 erat
295 2129 304 2150 x
318 2113 408 2167 (quaest.
420 2114 465 2163 l,3;
475 2113 504 2153 M.
516 2112 607 2166 22884).
619 2113 677 2154 Idem
690 2115 767 2154 asserit
781 2118 854 2155 auctor
868 2115 970 2155 homiliae
1023 2105 1024 2108 ¹

87 2180 97 2218 l
114 2191 138 2219 ex
153 2179 217 2219 variis
234 2179 411 2231 evangelistarum
426 2179 485 2227 locis,
502 2179 537 2230 qui
554 2179 606 2218 olim
624 2180 750 2220 credebatur
765 2179 867 2232 Origenes
880 2192 884 2219 :
896 2194 906 2216 ((
920 2180 969 2220 ideo

87 2255 133 2284 eam
144 2244 251 2283 dimittere
262 2244 346 2284 volebat
359 2245 460 2295 quoniam
475 2244 575 2284 virtutem
589 2245 685 2295 mysterii
697 2247 717 2283 et
730 2247 889 2284 sacramentum
901 2242 969 2295 quod-

86 2309 134 2349 dam
144 2309 281 2361 magniticum
291 2309 312 2347 in
324 2309 399 2348 eadem
408 2309 550 2360 cognoscebat
560 2308 594 2348 cui
604 2309 751 2360 approximare
763 2321 784 2349 se
796 2309 909 2361 indignum
921 2310 966 2350 exi-

87 2375 196 2424 stimabat;
206 2386 254 2426 ergo
263 2374 378 2414 humilians
389 2386 411 2413 se
422 2377 471 2414 ante
482 2376 563 2414 tantam
575 2376 596 2414 et
605 2376 649 2414 tam
658 2374 787 2414 ineffabilem
797 2386 842 2414 rem
852 2376 968 2426 quaerebat

86 2451 108 2479 se
123 2441 185 2493 longe
196 2440 263 2480 tacere
276 2455 294 2478 i.
305 2441 364 2480 Idem
379 2441 445 2480 refert
459 2438 631 2480 attaminans
646 2441 760 2492 losephum
775 2452 799 2480 cx
812 2440 868 2481 isaia
883 2441 968 2481 novisse

82 2505 189 2557 vvirginem
200 2506 225 2546 de
236 2506 300 2546 domo
311 2506 376 2545 David
386 2517 433 2546 esse
444 2508 599 2557 concepturam
611 2509 631 2546 et
641 2507 758 2558 parituram
769 2507 893 2555 Dominum,
904 2509 968 2559 atque

84 2568 132 2610 ideo
149 2583 192 2612 non
209 2571 318 2612 dubitasse
335 2571 424 2628 quin-in
441 2571 505 2611 Maria
521 2572 576 2611 hano
593 2572 729 2623 prophetiam
745 2572 826 2612 rideret
843 2572 965 2624 impletam,

86 2636 175 2686 proinde
186 2648 209 2676 se
218 2636 351 2683 humiliasse,
364 2636 420 2677 sicut
430 2637 507 2677 beatus
518 2638 593 2678 Petrus
606 2637 698 2678 dixerit:
711 2638 806 2678 recede'a
814 2649 856 2684 me,
868 2639 966 2678 Domine,

86 2699 144 2740 Idem
155 2708 238 2753 quoque
251 2701 325 2741 recitat
339 2702 359 2742 S.
372 2702 463 2742 Thomas
477 2702 500 2741 in
510 2705 591 2742 catena.
605 2703 663 2742 Clare
678 2714 761 2755 quoque
777 2714 801 2742 ex
811 2702 883 2742 vorbis
898 2703 967 2754 arguit

87 2763 177 2819 Pheop}⁴
190 2780 197 2806 .·
209 2783 217 2804 (
228 2767 269 2807 hoc
280 2770 318 2816 est,
328 2766 422 2807 innotuit
437 2766 550 2820 (διεγνώσθη)
562 2768 620 2819 quod
636 2779 661 2807 ex
677 2767 755 2819 Spiritu
772 2770 844 2808 sancto
858 2768 965 2820 concepit:

84 2831 140 2871 unde
154 2834 208 2881 clam
221 2833 289 2873 voluit
299 2844 346 2872 earn
359 2833 475 2881 dimittere,
488 2833 548 2884 quasi
561 2844 605 2872 nun
619 2833 707 2873 auderet
717 2833 796 2873 habere
809 2846 900 2874 uxorem
911 2846 965 2885 quae

86 2896 141 2935 lanta
150 2898 216 2948 gratia
227 2903 283 2939 esset
291 2898 366 2938 donata
374 2913 392 2936 x.
405 2899 541 2949 Eandemque
553 2899 683 2940 sententiam
694 2897 759 2939 Salar.
771 2902 831 2939 tract.
840 2901 866 2939 30
876 2900 966 2939 firmiter

83 2961 153 3001 tenet:
164 2978 173 2999 (
182 2963 242 3003 euius
255 2966 306 3004 sunt
318 2964 422 3016 imprimis
438 2963 498 3004 multi
511 2967 591 3004 veteres
605 2966 676 3016 patres
690 2967 711 3005 et
723 2965 862 3014 recentiores3
875 2976 964 3017 magnae

79 3022 143 3081 etiam
153 3026 174 3063 et
187 3023 281 3063 efficaces
291 3024 385 3065 rationes
395 3025 420 3064 ad
432 3024 490 3064 idem
501 3025 675 3076 persuadendum
685 3027 789 3068 exsistunt
800 3044 819 3069 x.
830 3030 884 3070 Dein
894 3032 969 3071 recitat

100 3137 113 3166 1.
125 3136 149 3167 Dc
163 3144 196 3176 qna
209 3136 306 3176 quaestione
321 3136 358 3169 ride
372 3145 416 3178 quae
431 3138 497 3179 egregie
508 3137 597 3179 disputant
610 3139 671 3172 Ftualr
681 3140 693 3172 l.
704 3148 719 3173 o·
734 3148 750 3182 p.
764 3143 793 3175 oud
806 3142 824 3174 et
837 3118 924 3185 Idcppler,
938 3143 969 3176 Die
1008 3137 1009 3140 ¹

80 3186 165 3220 Bedenlren
176 3187 205 3220 des
214 3187 238 3220 bl.
249 3189 317 3230 Joseph,
327 3189 447 3231 Tlreologisehe
456 3191 595 3233 citartalsehrut,
607 3191 694 3235 Tubingen
706 3196 745 3227 1889
755 3203 771 3237 p.
784 3196 859 3230 aut-577.
