2211 3575
467 227 543 258 narra.
560 219 578 265 9,
596 217 637 257 6-8.
943 217 981 257 399

94 324 96 328 “
107 317 143 361 vel
153 318 223 375 signis
232 319 298 364 certis
306 318 423 382 hominem
434 320 510 377 magis
517 319 603 364 solatur
614 318 708 378 eiusque
719 315 844 362 conditioni
856 318 877 359 et
887 313 985 373 tempori
1008 352 1017 369 1

108 389 195 445 gratiae
206 390 317 435 uberioris
330 391 403 448 magis
416 394 449 436 cst
464 406 574 449 congrua.
591 395 662 443 Quare
672 381 816 447 iungendum
831 388 874 432 erit
889 385 983 430 interra

92 459 227 506 'dr'rnitterc
239 462 297 521 Fieri
312 463 373 505 enirn
387 463 545 506 remissionem
560 460 766 520 eamquc'indicari
776 460 852 504 verbis
866 458 983 517 signisque

106 531 225 590 proprium
234 535 266 576 est
275 532 374 592 tempori
384 525 573 590 messianoidquc
582 546 595 574 a
604 531 691 575 Christo
700 531 831 590 perenniter
839 531 979 581 institutum

42 615 45 624 ⁴
106 602 221 647 Christum
231 603 337 647 autemin
346 603 411 646 terris
421 605 548 647 versantem
560 602 714 646 remissionem
724 600 847 646 concedere
855 600 981 645 brevissimi

106 675 278 734 erattemporis
759 669 761 672 ’

136 745 213 790 Verbis
224 746 286 791 hisce
299 742 427 791 adscribas
439 746 544 805 prolatis,
559 748 619 789 lesus
632 760 655 790 se
670 745 738 790 vertit
748 745 778 789 ἃᾶ
790 747 915 802 aegrum-et
927 742 982 786 dicit

106 816 135 860 ad
144 832 196 861 eum
207 833 212 861 ε
221 832 298 877 srrrqe,
308 818 360 862 tolle
369 816 450 862 lectum
460 826 523 861 terrun
532 825 554 860 et
561 816 618 861 uude
625 816 649 861 in
659 816 752 861 donarem
761 823 835 872 triana·
843 829 901 875 quae
910 814 981 858 verba

105 888 180 932 statim
194 888 218 932 id
227 888 329 933 efficiunt
343 888 403 948 quad
413 888 545 946 significant
555 904 576 933 v.
589 893 602 933 7
612 889 740 933 attinuerit
752 896 774 932 et
784 886 840 932 abab
850 887 874 930 tn
887 885 984 946 [lonium
1015 889 1018 894 ⁴

105 973 183 1016 saraim·
194 977 205 1001 0
219 964 330 1005 scrutator
340 950 469 1005 animarum¹
480 960 599 1020 praevenit
612 960 723 1005 mentium
737 959 840 1017 maligna
852 958 945 1003 consilia
957 959 979 1001 et

105 1030 193 1075 deitatis
203 1046 255 1076 suae
267 1029 392 1092 potentiam
407 1032 481 1092 operis
496 1027 637 1077 attestatione
648 1031 791 1086 monstravit,
807 1031 863 1075 dum
874 1029 978 1088 dissipati

100 1100 203 1161 corporis
218 1103 322 1148 membra
341 1104 465 1163 componit,
483 1118 564 1148 nervos
582 1104 685 1161 stringit,
704 1103 781 1159 iungit
798 1104 856 1155 essa,
878 1101 977 1160 complet

105 1173 200 1229 viscera,
213 1175 289 1219 firmat
300 1177 362 1219 artus
376 1178 397 1218 et
410 1189 500 1231 gressus
513 1174 542 1217 ad
554 1188 646 1220 cursum
659 1175 752 1218 suscitat
763 1174 787 1217 in
800 1174 851 1217 vivo
867 1173 977 1216 cadavere

104 1244 149 1287 iam
162 1246 260 1304 sepultos
276 1263 285 1284 n
303 1246 333 1303 (S.
345 1231 515 1305 ¹Clupsclopus2
529 1260 596 1290 serm.
612 1249 651 1300 503
666 1246 698 1289 M.
711 1243 811 1303 52‚3t2).
828 1244 892 1302 lubet
902 1245 977 1288 autem

103 1331 155 1359 eum
167 1316 248 1361 tollere
259 1318 354 1372 lectum,
364 1321 390 1361 ut
397 1331 451 1361 vera
461 1317 544 1361 sanitas
553 1320 575 1361 et
584 1316 656 1361 robur
665 1316 753 1360 virtutis
761 1314 877 1360 redditum
891 1316 977 1359 cunctis

103 1390 203 1446 patescat
219 1388 251 1448 (S.
265 1387 345 1433 Pasclr.
361 1389 410 1432 sim.
425 1389 449 1433 S.
467 1387 545 1448 Clarus.
564 1387 633 1432 Eutlr.
653 1386 749 1447 Tdccpb.
764 1386 818 1431 aad.
834 1387 906 1431 Satur.
926 1386 974 1431 Cui.

102 1459 173 1520 Icus.)
188 1463 210 1504 et
223 1460 286 1504 abire
299 1461 322 1503 in
336 1459 440 1515 domum,
458 1463 482 1503 ut
495 1474 540 1504 non
556 1459 630 1503 solum
647 1463 775 1519 praesentes
781 1494 788 1513 ‚,
801 1458 840 1503 sed
853 1459 922 1502 etiam
935 1458 976 1501 ab·

102 1532 176 1574 sentes
191 1533 257 1576 testes
274 1532 320 1575 sint
335 1532 437 1575 sanitatis
452 1532 568 1576 restitutae
583 1533 622 1590 qui
641 1534 706 1575 erant
718 1533 783 1576 testes
802 1529 877 1575 morbi
896 1530 974 1589 (Errtb'.

105 1601 151 1644 Ger.
164 1601 244 1662 lans).
258 1603 336 1646 Verbis
345 1603 422 1661 itaque
432 1602 542 1662 explicitis
552 1605 611 1646 lesus
623 1603 662 1646 hic
671 1605 781 1661 provocat
794 1602 824 1646 ad
837 1602 974 1645 miraculum

102 1673 224 1717 sanationis
234 1673 294 1733 quod
307 1675 382 1732 patrat
393 1676 419 1716 ut
428 1674 494 1730 signo
504 1674 548 1718 hoc
559 1673 678 1718 manifesto
689 1673 791 1717 ostendat
803 1672 827 1716 id
840 1671 901 1731 quod
914 1673 938 1715 in
951 1686 974 1716 se

102 1743 216 1788 occultum
229 1748 293 1788 estse
303 1743 388 1788 habere
399 1746 531 1803 potestatem
543 1744 675 1788 remittendi
685 1747 784 1803 peccata.
799 1746 871 1795 Quare
883 1743 937 1787 dicit
949 1751 975 1786 ut

101 1822 178 1859 autem
192 1815 266 1860 sciatis
281 1815 296 1859 i.
314 1830 334 1859 e.
354 1834 364 1856 0
381 1814 457 1859 videte
473 1815 534 1875 quod
553 1814 629 1859 videre
644 1815 751 1874 potestis,
762 1818 786 1859 ut
801 1813 897 1858 credatis
913 1814 974 1872 quod

96 1886 177 1930 ¹videre
187 1901 234 1930 non
246 1887 363 1946 poteratis;
375 1886 466 1931 creditis
476 1886 537 1946 quod
548 1900 615 1930 nemo
623 1886 693 1946 possit
704 1886 819 1930 dimittere
828 1888 921 1945 peccata
930 1886 973 1929 nisi

100 1956 160 2001 solus
178 1961 245 2013 Deus,
265 1958 312 2001 iam
328 1958 466 2015 cognoscetis
486 1958 540 2017 quia
558 1958 628 2002 etiam
647 1952 707 2001 filius
725 1957 824 2001 bominis
839 1959 974 2015 potestatem

100 2027 169 2072 hebet
177 2028 307 2073 dimittendi
316 2032 408 2088 peccata
419 2047 429 2070 u
442 2028 475 2088 (S.
487 2028 545 2087 aa).
560 2029 632 2086 Igitur
640 2028 778 2073 miraculum
791 2028 973 2072 curationis'edi-

99 2101 137 2143 tur
148 2097 178 2144 in‘
186 2099 382 2145 confirmationem
393 2100 509 2160 potcstatis
519 2100 651 2144 remittendi
661 2102 764 2160 peccatam
778 2099 837 2144 unde
850 2089 974 2163 efficaciter

99 2171 244 2230 consequitur
254 2186 306 2216 eum
322 2171 408 2216 habere
420 2172 490 2216 talem
502 2175 649 2232 potestatem,
667 2187 719 2216 cum
732 2171 844 2216 miracula
860 2185 915 2215 vcra
925 2171 973 2215 effi-

99 2242 182 2286 caciter
197 2245 314 2302 tamquam
331 2238 370 2286 uti
386 2243 461 2300 sigilla
477 2243 626 2302 comprobent
642 2243 666 2287 id
682 2244 707 2287 in
725 2242 789 2287 cuius
805 2242 972 2286 attestationem

98 2311 156 2356 fiunt
165 2312 252 2373 (Iunc).
262 2312 360 2357 Adnotat
370 2313 442 2358 urard.
450 2314 570 2373 plerosque
579 2314 713 2374 interpretes
722 2314 848 2358 existimare
858 2313 972 2357 Christum

97 2383 196 2443 probare
206 2383 302 2430 voluisse
314 2399 336 2428 se
347 2399 393 2429 esse
403 2387 484 2440 Deum;
497 2402 507 2425 0
519 2384 557 2430 sed
567 2388 644 2429 tamen
655 2388 676 2429 et
687 2385 777 2443 singula
786 2384 857 2428 verba
868 2386 971 2429 ettotam

97 2459 259 2513 argumentum
271 2455 421 2516 perpendenti
434 2456 525 2501 videtur
537 2456 635 2516 probare
649 2456 751 2501 Christus
760 2471 805 2500 non
819 2455 971 2502 sclum'beum

89 2530 229 2586 ‘potestatem
240 2527 325 2572 habere
333 2531 426 2588 peccata
438 2528 580 2584 remittendi;
594 2528 705 2573 credibile
717 2529 777 2573 enim
789 2530 822 2572 est
830 2529 971 2572 contrarium

96 2598 143 2641 cius
154 2598 216 2657 quod
228 2598 315 2642 scribae
327 2599 440 2659 putabant
451 2594 549 2659 probare
563 2599 658 2645 voluisse
674 2618 693 2645 n.
703 2602 781 2659 Atque
794 2614 847 2644 cum
860 2615 882 2643 se
895 2600 971 2659 appel-

95 2669 127 2713 let
137 2668 211 2713 filium
221 2669 331 2724 bominis,
343 2670 387 2715 sibi
397 2686 487 2730 quoque
500 2674 524 2715 ut
533 2671 622 2716 homini
636 2686 686 2716 earn
697 2674 827 2730 competere
836 2674 971 2729 potestatem

95 2739 244 2796 demonstrat,
254 2755 323 2800 quam
329 2741 474 2800 postmodum
485 2743 593 2796 cumsssuis
601 2757 692 2802 quoqne
699 2742 805 2800 apostolis
816 2742 970 2786 ccmnnmicat

94 2810 172 2855 dicens
185 2825 299 2872 :quorum
311 2811 441 2862 remiseritis
451 2816 554 2871 peccata,
569 2813 717 2856 remittuntur
726 2812 758 2856 eis
769 2811 839 2872 (lcan.
852 2812 937 2870 2023).

123 2882 187 2938 Legis
199 2883 302 2927 doctores
312 2883 400 2927 animos
415 2882 536 2927 obdurant.
553 2882 608 2927 llalc
621 2883 693 2927 omini
706 2885 739 2927 est
752 2878 813 2942 quod
829 2883 969 2940 evangelista

93 2952 225 2996 nonhabet
241 2954 303 3013 quod
319 2954 346 2999 de
365 2969 444 2999 eorum
462 2954 546 3012 gaudio
563 2954 658 3010 referat,
676 2969 758 2999 verum
774 2955 847 3000 solum
862 2955 890 2999 de
905 2970 968 2999 sacro

93 3024 173 3068 timore
181 3025 202 3080 et
210 3024 295 3081 gaudio
306 3027 427 3071 turbarum
439 3041 464 3070 ec
475 3026 536 3086 quod
547 3026 598 3070 talis
607 3030 705 3085 potestas
718 3026 780 3071 hisce
793 3027 890 3071 interris
900 3026 968 3070 inodo
1016 3080 1018 3090 Α

94 3095 214 3154 conspicuo
230 3099 361 3140 exerceatur
375 3113 396 3143 v.
415 3102 428 3143 8
444 3097 543 3142 oz'dentes
559 3106 637 3142 arctam
655 3098 733 3143 trra-bue
749 3098 886 3151 elicuerunt,
904 3111 967 3140 sacra
992 3130 994 3133 ⁴

93 3166 191 3221 quadam
201 3166 327 3210 reverentia
336 3169 453 3225 perfusae,
463 3173 532 3228 prout
541 3169 589 3213 scil.
604 3170 673 3213 bomo
682 3170 759 3229 aliquo
772 3169 894 3228 corripitur
905 3169 965 3210 metu
