<?xml version="1.0" encoding="UTF-8"?>
<!DOCTYPE html PUBLIC "-//W3C//DTD XHTML 1.0 Transitional//EN"
    "http://www.w3.org/TR/xhtml1/DTD/xhtml1-transitional.dtd">
<html xmlns="http://www.w3.org/1999/xhtml" xml:lang="en" lang="en">
 <head>
  <title>
</title>
<meta http-equiv="Content-Type" content="text/html;charset=utf-8" />
  <meta name='ocr-system' content='tesseract 3.04.00' />
  <meta name='ocr-capabilities' content='ocr_page ocr_carea ocr_par ocr_line ocrx_word'/>
</head>
<body>
  <div class='ocr_page' id='page_1' title='image "./MN41446ucmf_0_0394.png"; bbox 0 0 2239 3511; ppageno 0'>
   <div class='ocr_carea' id='block_1_1' title="bbox 194 238 699 292">
    <p class='ocr_par' dir='ltr' id='par_1_1' title="bbox 194 238 699 292">
     <span class='ocr_line' id='line_1_1' title="bbox 194 238 699 292; baseline 0 -15"><span class='ocrx_word' id='word_1_1' title='bbox 194 250 233 289; x_wconf 71' lang='lat'>344</span> <span class='ocrx_word' id='word_1_2' title='bbox 391 285 397 292; x_wconf 35' lang='lat'>¹</span> <span class='ocrx_word' id='word_1_3' title='bbox 553 248 628 278; x_wconf 79' lang='lat' dir='ltr'>narra.</span> <span class='ocrx_word' id='word_1_4' title='bbox 646 238 663 285; x_wconf 88' lang='lat'>7,</span> <span class='ocrx_word' id='word_1_5' title='bbox 680 240 699 277; x_wconf 81' lang='lat'>6.</span> 
     </span>
    </p>
   </div>
   <div class='ocr_carea' id='block_1_2' title="bbox 191 329 1097 757">
    <p class='ocr_par' dir='ltr' id='par_1_2' title="bbox 191 329 1097 757">
     <span class='ocr_line' id='line_1_2' title="bbox 194 329 1065 401; baseline -0.001 -16"><span class='ocrx_word' id='word_1_6' title='bbox 194 342 299 401; x_wconf 82' lang='lat' dir='ltr'>ipsa&#39;vita</span> <span class='ocrx_word' id='word_1_7' title='bbox 312 356 352 385; x_wconf 88' lang='lat' dir='ltr'>sua</span> <span class='ocrx_word' id='word_1_8' title='bbox 361 338 542 399; x_wconf 72' lang='lat' dir='ltr'><strong>imprudentiam</strong></span> <span class='ocrx_word' id='word_1_9' title='bbox 553 338 624 382; x_wconf 90' lang='lat' dir='ltr'>luant.</span> <span class='ocrx_word' id='word_1_10' title='bbox 639 338 749 397; x_wconf 79' lang='lat' dir='ltr'>Apostolis</span> <span class='ocrx_word' id='word_1_11' title='bbox 757 329 783 382; x_wconf 55' lang='lat' dir='ltr'>et&#39;</span> <span class='ocrx_word' id='word_1_12' title='bbox 788 339 984 398; x_wconf 85' lang='lat' dir='ltr'>praedicatoribus</span> <span class='ocrx_word' id='word_1_13' title='bbox 997 341 1065 386; x_wconf 87' lang='lat' dir='ltr'>evan-</span> 
     </span>
     <span class='ocr_line' id='line_1_3' title="bbox 192 404 1066 470; baseline -0.002 -13"><span class='ocrx_word' id='word_1_14' title='bbox 192 412 247 469; x_wconf 77' lang='lat' dir='ltr'>gelii</span> <span class='ocrx_word' id='word_1_15' title='bbox 263 412 412 457; x_wconf 84' lang='lat' dir='ltr'>annuntiatur</span> <span class='ocrx_word' id='word_1_16' title='bbox 422 411 478 455; x_wconf 72' lang='lat' dir='ltr'>lore</span> <span class='ocrx_word' id='word_1_17' title='bbox 495 411 521 453; x_wconf 87' lang='lat' dir='ltr'>ut</span> <span class='ocrx_word' id='word_1_18' title='bbox 538 409 645 453; x_wconf 91' lang='lat' dir='ltr'>tenebrae</span> <span class='ocrx_word' id='word_1_19' title='bbox 662 404 803 460; x_wconf 76' lang='lat' dir='ltr'>luceninon</span> <span class='ocrx_word' id='word_1_20' title='bbox 819 411 1026 470; x_wconf 73' lang='lat' dir='ltr'>comprehendant,</span> <span class='ocrx_word' id='word_1_21' title='bbox 1042 416 1066 456; x_wconf 90' lang='lat' dir='ltr'>ut</span> 
     </span>
     <span class='ocr_line' id='line_1_4' title="bbox 192 478 1097 545; baseline 0 -17"><span class='ocrx_word' id='word_1_22' title='bbox 192 479 297 528; x_wconf 88' lang='lat' dir='ltr'>homines</span> <span class='ocrx_word' id='word_1_23' title='bbox 308 478 383 528; x_wconf 66' lang='lat' dir='ltr'>lucem,</span> <span class='ocrx_word' id='word_1_24' title='bbox 397 482 448 544; x_wconf 85' lang='lat' dir='ltr'>odio</span> <span class='ocrx_word' id='word_1_25' title='bbox 458 482 558 545; x_wconf 75' lang='lat' dir='ltr'>habeant</span> <span class='ocrx_word' id='word_1_26' title='bbox 571 481 627 540; x_wconf 86' lang='lat' dir='ltr'>quia</span> <span class='ocrx_word' id='word_1_27' title='bbox 639 496 707 541; x_wconf 87' lang='lat' dir='ltr'>opera</span> <span class='ocrx_word' id='word_1_28' title='bbox 723 496 801 525; x_wconf 88' lang='lat' dir='ltr'>eorum</span> <span class='ocrx_word' id='word_1_29' title='bbox 814 482 877 526; x_wconf 88' lang='lat' dir='ltr'>mala</span> <span class='ocrx_word' id='word_1_30' title='bbox 891 485 944 526; x_wconf 90' lang='lat' dir='ltr'>sunt</span> <span class='ocrx_word' id='word_1_31' title='bbox 956 481 1026 542; x_wconf 85' lang='lat' dir='ltr'>(loen.</span> <span class='ocrx_word' id='word_1_32' title='bbox 1044 489 1064 537; x_wconf 83' lang='lat'>1,</span> <span class='ocrx_word' id='word_1_33' title='bbox 1096 515 1097 518; x_wconf 50' lang='lat'><em>=</em></span> 
     </span>
     <span class='ocr_line' id='line_1_5' title="bbox 192 552 1065 614; baseline -0.002 -14"><span class='ocrx_word' id='word_1_34' title='bbox 192 560 215 611; x_wconf 86' lang='lat'>5;</span> <span class='ocrx_word' id='word_1_35' title='bbox 231 556 293 614; x_wconf 75' lang='grc'>3,19&gt;</span> <span class='ocrx_word' id='word_1_36' title='bbox 306 558 329 599; x_wconf 89' lang='lat' dir='ltr'>et</span> <span class='ocrx_word' id='word_1_37' title='bbox 341 555 396 614; x_wconf 85' lang='lat' dir='ltr'>quia</span> <span class='ocrx_word' id='word_1_38' title='bbox 406 556 458 598; x_wconf 91' lang='lat' dir='ltr'>sunt</span> <span class='ocrx_word' id='word_1_39' title='bbox 471 568 497 596; x_wconf 81' lang='lat' dir='ltr'>ex</span> <span class='ocrx_word' id='word_1_40' title='bbox 510 554 576 612; x_wconf 83' lang='lat' dir='ltr'>patre</span> <span class='ocrx_word' id='word_1_41' title='bbox 591 552 682 597; x_wconf 81' lang='lat' dir='ltr'>diabolo</span> <span class='ocrx_word' id='word_1_42' title='bbox 698 555 721 597; x_wconf 88' lang='lat' dir='ltr'>et</span> <span class='ocrx_word' id='word_1_43' title='bbox 730 552 843 597; x_wconf 86' lang='lat' dir='ltr'>desideria</span> <span class='ocrx_word' id='word_1_44' title='bbox 855 553 927 613; x_wconf 84' lang='lat' dir='ltr'>patris</span> <span class='ocrx_word' id='word_1_45' title='bbox 941 553 976 600; x_wconf 87' lang='lat' dir='ltr'>sni</span> <span class='ocrx_word' id='word_1_46' title='bbox 990 554 1065 598; x_wconf 86' lang='lat' dir='ltr'>facere</span> 
     </span>
     <span class='ocr_line' id='line_1_6' title="bbox 191 624 1065 686; baseline 0 -17"><span class='ocrx_word' id='word_1_47' title='bbox 191 627 271 670; x_wconf 91' lang='lat' dir='ltr'>volunt</span> <span class='ocrx_word' id='word_1_48' title='bbox 279 626 352 686; x_wconf 22' lang='lat' dir='ltr'>¹(loan.</span> <span class='ocrx_word' id='word_1_49' title='bbox 368 625 443 684; x_wconf 58' lang='lat' dir='ltr'>anth</span> <span class='ocrx_word' id='word_1_50' title='bbox 459 638 523 684; x_wconf 83' lang='lat' dir='ltr'>posse</span> <span class='ocrx_word' id='word_1_51' title='bbox 538 624 616 683; x_wconf 86' lang='lat' dir='ltr'>itaque</span> <span class='ocrx_word' id='word_1_52' title='bbox 628 624 799 683; x_wconf 86' lang='lat' dir='ltr'>perversitatem</span> <span class='ocrx_word' id='word_1_53' title='bbox 816 627 838 668; x_wconf 89' lang='lat' dir='ltr'>et</span> <span class='ocrx_word' id='word_1_54' title='bbox 853 625 1029 670; x_wconf 87' lang='lat' dir='ltr'>obstinationem</span> <span class='ocrx_word' id='word_1_55' title='bbox 1039 640 1065 669; x_wconf 91' lang='lat' dir='ltr'>eo</span> 
     </span>
     <span class='ocr_line' id='line_1_7' title="bbox 191 694 989 757; baseline -0.001 -16"><span class='ocrx_word' id='word_1_56' title='bbox 191 697 291 742; x_wconf 89' lang='lat' dir='ltr'>malitiae</span> <span class='ocrx_word' id='word_1_57' title='bbox 299 697 419 757; x_wconf 79' lang='lat' dir='ltr'>progredi,</span> <span class='ocrx_word' id='word_1_58' title='bbox 429 699 458 740; x_wconf 89' lang='lat' dir='ltr'>ut</span> <span class='ocrx_word' id='word_1_59' title='bbox 471 695 540 741; x_wconf 87' lang='lat' dir='ltr'>satius</span> <span class='ocrx_word' id='word_1_60' title='bbox 550 696 579 751; x_wconf 89' lang='lat' dir='ltr'>sit</span> <span class='ocrx_word' id='word_1_61' title='bbox 592 696 621 739; x_wconf 89' lang='lat' dir='ltr'>ab</span> <span class='ocrx_word' id='word_1_62' title='bbox 636 696 697 739; x_wconf 86' lang='lat' dir='ltr'>omni</span> <span class='ocrx_word' id='word_1_63' title='bbox 708 694 863 740; x_wconf 72' lang='lat' dir='ltr'>admonitione</span> <span class='ocrx_word' id='word_1_64' title='bbox 874 696 989 740; x_wconf 79' lang='lat' dir='ltr'>desistere.</span> 
     </span>
    </p>
   </div>
   <div class='ocr_carea' id='block_1_3' title="bbox 218 833 1063 886">
    <p class='ocr_par' dir='ltr' id='par_1_3' title="bbox 218 833 1063 886">
     <span class='ocr_line' id='line_1_8' title="bbox 218 833 1063 886; baseline -0.002 -11"><span class='ocrx_word' id='word_1_65' title='bbox 218 836 281 876; x_wconf 85' lang='lat' dir='ltr'>Varia</span> <span class='ocrx_word' id='word_1_66' title='bbox 289 838 320 875; x_wconf 88' lang='lat' dir='ltr'>est</span> <span class='ocrx_word' id='word_1_67' title='bbox 330 834 393 874; x_wconf 90' lang='lat' dir='ltr'>huius</span> <span class='ocrx_word' id='word_1_68' title='bbox 404 834 512 873; x_wconf 88' lang='lat' dir='ltr'>doctrinae</span> <span class='ocrx_word' id='word_1_69' title='bbox 522 833 642 885; x_wconf 78' lang='lat' dir='ltr'>applicatio.</span> <span class='ocrx_word' id='word_1_70' title='bbox 652 834 703 873; x_wconf 81' lang='lat' dir='ltr'>llam</span> <span class='ocrx_word' id='word_1_71' title='bbox 712 833 758 873; x_wconf 83' lang='lat' dir='ltr'>fieri</span> <span class='ocrx_word' id='word_1_72' title='bbox 767 833 835 874; x_wconf 83' lang='lat' dir='ltr'>cernit</span> <span class='ocrx_word' id='word_1_73' title='bbox 843 835 864 875; x_wconf 83' lang='lat' dir='ltr'>S.</span> <span class='ocrx_word' id='word_1_74' title='bbox 878 834 947 886; x_wconf 78' lang='lat' dir='ltr'>Chrpa</span> <span class='ocrx_word' id='word_1_75' title='bbox 958 833 980 873; x_wconf 91' lang='lat' dir='ltr'>in</span> <span class='ocrx_word' id='word_1_76' title='bbox 988 835 1000 873; x_wconf 74' lang='lat'><strong>2</strong></span> <span class='ocrx_word' id='word_1_77' title='bbox 1009 834 1063 874; x_wconf 80' lang='lat' dir='ltr'>Tim.</span> 
     </span>
    </p>
   </div>
   <div class='ocr_carea' id='block_1_4' title="bbox 139 897 1115 1475">
    <p class='ocr_par' dir='ltr' id='par_1_4' title="bbox 139 897 1115 1475">
     <span class='ocr_line' id='line_1_9' title="bbox 191 897 1064 949; baseline -0.002 -10"><span class='ocrx_word' id='word_1_78' title='bbox 191 901 224 947; x_wconf 83' lang='lat'>3,5</span> <span class='ocrx_word' id='word_1_79' title='bbox 234 901 255 938; x_wconf 90' lang='lat' dir='ltr'>et</span> <span class='ocrx_word' id='word_1_80' title='bbox 265 901 343 948; x_wconf 64' lang='lat' dir='ltr'>[albet</span> <span class='ocrx_word' id='word_1_81' title='bbox 354 898 493 947; x_wconf 68' lang='lat' dir='ltr'>inritata</span> <span class='ocrx_word' id='word_1_82' title='bbox 504 897 594 948; x_wconf 86' lang='lat' dir='ltr'>ideoque</span> <span class='ocrx_word' id='word_1_83' title='bbox 605 897 669 937; x_wconf 86' lang='lat' dir='ltr'>etiam</span> <span class='ocrx_word' id='word_1_84' title='bbox 681 899 783 949; x_wconf 84' lang='lat' dir='ltr'>mysteria</span> <span class='ocrx_word' id='word_1_85' title='bbox 795 898 864 939; x_wconf 90' lang='lat' dir='ltr'>ianuis</span> <span class='ocrx_word' id='word_1_86' title='bbox 875 899 1064 939; x_wconf 86' lang='lat' dir='ltr'>clausisoelebrari</span> 
     </span>
     <span class='ocr_line' id='line_1_10' title="bbox 191 951 1064 1016; baseline 0.001 -13"><span class='ocrx_word' id='word_1_87' title='bbox 191 967 211 1005; x_wconf 90' lang='lat' dir='ltr'>et</span> <span class='ocrx_word' id='word_1_88' title='bbox 220 964 276 1015; x_wconf 76' lang='lat' dir='ltr'>abigi</span> <span class='ocrx_word' id='word_1_89' title='bbox 285 975 327 1004; x_wconf 90' lang='lat' dir='ltr'>non</span> <span class='ocrx_word' id='word_1_90' title='bbox 336 963 432 1013; x_wconf 83' lang='lat' dir='ltr'>initiatos</span> <span class='ocrx_word' id='word_1_91' title='bbox 442 962 497 1016; x_wconf 80' lang='lat' dir='ltr'>(sim.</span> <span class='ocrx_word' id='word_1_92' title='bbox 511 961 616 1015; x_wconf 62' lang='lat' dir='ltr'>Theatra).</span> <span class='ocrx_word' id='word_1_93' title='bbox 627 951 680 1002; x_wconf 80' lang='lat' dir='ltr'>Item</span> <span class='ocrx_word' id='word_1_94' title='bbox 690 962 739 1002; x_wconf 90' lang='lat' dir='ltr'>inde</span> <span class='ocrx_word' id='word_1_95' title='bbox 747 965 804 1003; x_wconf 88' lang='lat' dir='ltr'>recte</span> <span class='ocrx_word' id='word_1_96' title='bbox 813 963 923 1004; x_wconf 90' lang='lat' dir='ltr'>deducunt</span> <span class='ocrx_word' id='word_1_97' title='bbox 933 968 1064 1015; x_wconf 81' lang='lat' dir='ltr'>sacramenta</span> 
     </span>
     <span class='ocr_line' id='line_1_11' title="bbox 139 1027 1063 1084; baseline 0.001 -16"><span class='ocrx_word' id='word_1_98' title='bbox 139 1055 140 1058; x_wconf 63' lang='lat'>,</span> <span class='ocrx_word' id='word_1_99' title='bbox 190 1029 281 1081; x_wconf 78' lang='lat' dir='ltr'>indignis</span> <span class='ocrx_word' id='word_1_100' title='bbox 290 1042 332 1070; x_wconf 90' lang='lat' dir='ltr'>non</span> <span class='ocrx_word' id='word_1_101' title='bbox 344 1040 390 1080; x_wconf 87' lang='lat' dir='ltr'>esse</span> <span class='ocrx_word' id='word_1_102' title='bbox 399 1028 472 1078; x_wconf 89' lang='lat' dir='ltr'>danda,</span> <span class='ocrx_word' id='word_1_103' title='bbox 484 1027 586 1079; x_wconf 82' lang='lat' dir='ltr'>mysteria</span> <span class='ocrx_word' id='word_1_104' title='bbox 593 1027 643 1068; x_wconf 87' lang='lat' dir='ltr'>fidei</span> <span class='ocrx_word' id='word_1_105' title='bbox 653 1039 696 1068; x_wconf 89' lang='lat' dir='ltr'>non</span> <span class='ocrx_word' id='word_1_106' title='bbox 707 1039 753 1068; x_wconf 88' lang='lat' dir='ltr'>esse</span> <span class='ocrx_word' id='word_1_107' title='bbox 764 1029 889 1080; x_wconf 81' lang='lat' dir='ltr'>exponenda</span> <span class='ocrx_word' id='word_1_108' title='bbox 897 1028 924 1068; x_wconf 92' lang='lat' dir='ltr'>iis</span> <span class='ocrx_word' id='word_1_109' title='bbox 934 1029 971 1081; x_wconf 92' lang='lat' dir='ltr'>qui</span> <span class='ocrx_word' id='word_1_110' title='bbox 981 1029 1063 1084; x_wconf 82' lang='lat' dir='ltr'>irrisuri</span> 
     </span>
     <span class='ocr_line' id='line_1_12' title="bbox 190 1092 1115 1147; baseline -0.001 -12"><span class='ocrx_word' id='word_1_111' title='bbox 190 1097 238 1135; x_wconf 90' lang='lat' dir='ltr'>sint.</span> <span class='ocrx_word' id='word_1_112' title='bbox 254 1095 324 1146; x_wconf 85' lang='lat' dir='ltr'>Aliqui</span> <span class='ocrx_word' id='word_1_113' title='bbox 337 1098 428 1135; x_wconf 79' lang='lat' dir='ltr'>sanctam</span> <span class='ocrx_word' id='word_1_114' title='bbox 444 1094 471 1134; x_wconf 89' lang='lat' dir='ltr'>ad</span> <span class='ocrx_word' id='word_1_115' title='bbox 484 1093 566 1133; x_wconf 90' lang='lat' dir='ltr'>cultum</span> <span class='ocrx_word' id='word_1_116' title='bbox 580 1092 686 1142; x_wconf 82' lang='lat' dir='ltr'>divinum,</span> <span class='ocrx_word' id='word_1_117' title='bbox 697 1105 730 1134; x_wconf 87' lang='lat' dir='ltr'>res</span> <span class='ocrx_word' id='word_1_118' title='bbox 744 1104 811 1134; x_wconf 86' lang='lat' dir='ltr'>sacras</span> <span class='ocrx_word' id='word_1_119' title='bbox 823 1095 929 1147; x_wconf 82' lang='lat' dir='ltr'>referunt,</span> <span class='ocrx_word' id='word_1_120' title='bbox 940 1098 1063 1147; x_wconf 77' lang='lat' dir='ltr'>malperitcs</span> <span class='ocrx_word' id='word_1_121' title='bbox 1077 1137 1079 1143; x_wconf 55' lang='grc'>,</span> <span class='ocrx_word' id='word_1_122' title='bbox 1114 1136 1115 1139; x_wconf 60' lang='grc'>,</span> 
     </span>
     <span class='ocr_line' id='line_1_13' title="bbox 189 1158 1062 1213; baseline 0 -12"><span class='ocrx_word' id='word_1_123' title='bbox 189 1163 215 1202; x_wconf 88' lang='lat' dir='ltr'>ad</span> <span class='ocrx_word' id='word_1_124' title='bbox 227 1161 345 1201; x_wconf 84' lang='lat' dir='ltr'>doctrinam</span> <span class='ocrx_word' id='word_1_125' title='bbox 355 1171 419 1212; x_wconf 84' lang='lat' dir='ltr'>quam</span> <span class='ocrx_word' id='word_1_126' title='bbox 429 1159 502 1200; x_wconf 86' lang='lat' dir='ltr'>fideles</span> <span class='ocrx_word' id='word_1_127' title='bbox 512 1158 604 1200; x_wconf 80' lang='lat' dir='ltr'>habeant</span> <span class='ocrx_word' id='word_1_128' title='bbox 615 1162 635 1199; x_wconf 82' lang='lat' dir='ltr'>et</span> <span class='ocrx_word' id='word_1_129' title='bbox 645 1159 760 1211; x_wconf 83' lang='lat' dir='ltr'>explicent,</span> <span class='ocrx_word' id='word_1_130' title='bbox 772 1171 837 1213; x_wconf 88' lang='lat' dir='ltr'>quare</span> <span class='ocrx_word' id='word_1_131' title='bbox 848 1160 931 1201; x_wconf 89' lang='lat' dir='ltr'>dictum</span> <span class='ocrx_word' id='word_1_132' title='bbox 943 1160 970 1201; x_wconf 91' lang='lat' dir='ltr'>sit</span> <span class='ocrx_word' id='word_1_133' title='bbox 981 1172 1062 1213; x_wconf 86' lang='lat' dir='ltr'>marga-</span> 
     </span>
     <span class='ocr_line' id='line_1_14' title="bbox 188 1218 1062 1282; baseline 0 -17"><span class='ocrx_word' id='word_1_134' title='bbox 188 1228 241 1267; x_wconf 86' lang='lat' dir='ltr'>ritas</span> <span class='ocrx_word' id='word_1_135' title='bbox 252 1230 332 1265; x_wconf 77' lang='lat' dir='ltr'>vestras.</span> <span class='ocrx_word' id='word_1_136' title='bbox 345 1225 491 1282; x_wconf 80' lang='lat' dir='ltr'>ssursanctum</span> <span class='ocrx_word' id='word_1_137' title='bbox 505 1225 531 1265; x_wconf 88' lang='lat' dir='ltr'>ad</span> <span class='ocrx_word' id='word_1_138' title='bbox 544 1236 615 1274; x_wconf 87' lang='lat' dir='ltr'>canes,</span> <span class='ocrx_word' id='word_1_139' title='bbox 627 1218 750 1276; x_wconf 83' lang='lat' dir='ltr'>margaritae</span> <span class='ocrx_word' id='word_1_140' title='bbox 762 1226 787 1265; x_wconf 92' lang='lat' dir='ltr'>ad</span> <span class='ocrx_word' id='word_1_141' title='bbox 798 1236 874 1277; x_wconf 89' lang='lat' dir='ltr'>porcos</span> <span class='ocrx_word' id='word_1_142' title='bbox 887 1226 1012 1275; x_wconf 70' lang='lat' dir='ltr'>referantur,</span> <span class='ocrx_word' id='word_1_143' title='bbox 1024 1227 1062 1266; x_wconf 86' lang='lat' dir='ltr'>ali-</span> 
     </span>
     <span class='ocr_line' id='line_1_15' title="bbox 189 1282 1069 1342; baseline 0.001 -12"><span class='ocrx_word' id='word_1_144' title='bbox 189 1292 224 1342; x_wconf 85' lang='lat' dir='ltr'>qui</span> <span class='ocrx_word' id='word_1_145' title='bbox 237 1290 287 1331; x_wconf 89' lang='lat' dir='ltr'>inde</span> <span class='ocrx_word' id='word_1_146' title='bbox 301 1293 370 1330; x_wconf 89' lang='lat' dir='ltr'>ortum</span> <span class='ocrx_word' id='word_1_147' title='bbox 385 1302 430 1330; x_wconf 86' lang='lat' dir='ltr'>esse</span> <span class='ocrx_word' id='word_1_148' title='bbox 444 1290 564 1342; x_wconf 87' lang='lat' dir='ltr'>opinantur,</span> <span class='ocrx_word' id='word_1_149' title='bbox 578 1290 628 1341; x_wconf 90' lang='lat' dir='ltr'>quia</span> <span class='ocrx_word' id='word_1_150' title='bbox 640 1282 753 1341; x_wconf 83' lang='lat' dir='ltr'>appellatio</span> <span class='ocrx_word' id='word_1_151' title='bbox 766 1290 832 1330; x_wconf 91' lang='lat' dir='ltr'>sancti</span> <span class='ocrx_word' id='word_1_152' title='bbox 847 1290 927 1330; x_wconf 89' lang='lat' dir='ltr'>alludat</span> <span class='ocrx_word' id='word_1_153' title='bbox 938 1291 964 1330; x_wconf 92' lang='lat' dir='ltr'>ad</span> <span class='ocrx_word' id='word_1_154' title='bbox 977 1302 1069 1331; x_wconf 91' lang='lat' dir='ltr'>camem-</span> 
     </span>
     <span class='ocr_line' id='line_1_16' title="bbox 189 1347 1083 1407; baseline 0.001 -12"><span class='ocrx_word' id='word_1_155' title='bbox 189 1356 336 1403; x_wconf 80' lang='lat' dir='ltr'>sacrificalem,</span> <span class='ocrx_word' id='word_1_156' title='bbox 348 1355 414 1397; x_wconf 83' lang='lat' dir='ltr'>frusta</span> <span class='ocrx_word' id='word_1_157' title='bbox 428 1357 498 1395; x_wconf 87' lang='lat' dir='ltr'>autem</span> <span class='ocrx_word' id='word_1_158' title='bbox 512 1355 579 1395; x_wconf 87' lang='lat' dir='ltr'>carnis</span> <span class='ocrx_word' id='word_1_159' title='bbox 593 1354 729 1407; x_wconf 88' lang='lat' dir='ltr'>proiiciantur</span> <span class='ocrx_word' id='word_1_160' title='bbox 744 1356 840 1403; x_wconf 85' lang='lat' dir='ltr'>canibus,</span> <span class='ocrx_word' id='word_1_161' title='bbox 853 1357 978 1407; x_wconf 78' lang='lat' dir='ltr'>margaritae</span> <span class='ocrx_word' id='word_1_162' title='bbox 991 1347 1061 1397; x_wconf 81' lang='lat' dir='ltr'>autem</span> <span class='ocrx_word' id='word_1_163' title='bbox 1081 1349 1083 1353; x_wconf 69' lang='grc'><strong>’</strong></span> 
     </span>
     <span class='ocr_line' id='line_1_17' title="bbox 189 1420 1061 1475; baseline -0.001 -13"><span class='ocrx_word' id='word_1_164' title='bbox 189 1422 296 1474; x_wconf 88' lang='lat' dir='ltr'>quandam</span> <span class='ocrx_word' id='word_1_165' title='bbox 310 1432 359 1461; x_wconf 90' lang='lat' dir='ltr'>cum</span> <span class='ocrx_word' id='word_1_166' title='bbox 370 1420 487 1472; x_wconf 63' lang='lat' dir='ltr'>glandibus,</span> <span class='ocrx_word' id='word_1_167' title='bbox 496 1420 573 1470; x_wconf 88' lang='lat' dir='ltr'>quibus</span> <span class='ocrx_word' id='word_1_168' title='bbox 584 1420 640 1460; x_wconf 84' lang='lat' dir='ltr'>vesci</span> <span class='ocrx_word' id='word_1_169' title='bbox 654 1420 723 1459; x_wconf 91' lang='lat' dir='ltr'>solent</span> <span class='ocrx_word' id='word_1_170' title='bbox 734 1421 791 1472; x_wconf 87' lang='lat' dir='ltr'>porci</span> <span class='ocrx_word' id='word_1_171' title='bbox 807 1420 972 1475; x_wconf 85' lang='lat' dir='ltr'>similitudinem</span> <span class='ocrx_word' id='word_1_172' title='bbox 985 1422 1061 1461; x_wconf 88' lang='lat' dir='ltr'>habere</span> 
     </span>
    </p>
   </div>
   <div class='ocr_carea' id='block_1_5' title="bbox 123 1479 1074 1539">
    <p class='ocr_par' dir='ltr' id='par_1_5' title="bbox 123 1479 1074 1539">
     <span class='ocr_line' id='line_1_18' title="bbox 123 1479 1074 1539; baseline -0.004 -10"><span class='ocrx_word' id='word_1_173' title='bbox 123 1525 126 1529; x_wconf 94' lang='grc'><em>,</em></span> <span class='ocrx_word' id='word_1_174' title='bbox 170 1518 171 1521; x_wconf 21' lang='lat'>¹</span> <span class='ocrx_word' id='word_1_175' title='bbox 188 1479 304 1526; x_wconf 68' lang='lat' dir='ltr'>rideantur.</span> <span class='ocrx_word' id='word_1_176' title='bbox 319 1485 342 1525; x_wconf 90' lang='lat' dir='ltr'>ld</span> <span class='ocrx_word' id='word_1_177' title='bbox 354 1485 409 1537; x_wconf 62' lang='lat' dir='ltr'>[quod</span> <span class='ocrx_word' id='word_1_178' title='bbox 423 1485 473 1525; x_wconf 89' lang='lat' dir='ltr'>satis</span> <span class='ocrx_word' id='word_1_179' title='bbox 488 1484 566 1539; x_wconf 84' lang='lat' dir='ltr'>subtile</span> <span class='ocrx_word' id='word_1_180' title='bbox 579 1488 611 1524; x_wconf 90' lang='lat' dir='ltr'>est</span> <span class='ocrx_word' id='word_1_181' title='bbox 622 1496 690 1536; x_wconf 89' lang='lat' dir='ltr'>neque</span> <span class='ocrx_word' id='word_1_182' title='bbox 704 1485 854 1525; x_wconf 89' lang='lat' dir='ltr'>necessarium.</span> <span class='ocrx_word' id='word_1_183' title='bbox 866 1486 935 1525; x_wconf 86' lang='lat' dir='ltr'>Etiam</span> <span class='ocrx_word' id='word_1_184' title='bbox 947 1486 982 1538; x_wconf 90' lang='lat' dir='ltr'>qui</span> <span class='ocrx_word' id='word_1_185' title='bbox 991 1485 1074 1527; x_wconf 55' lang='lat' dir='ltr'>homi?</span> 
     </span>
    </p>
   </div>
   <div class='ocr_carea' id='block_1_6' title="bbox 182 1550 1117 2383">
    <p class='ocr_par' dir='ltr' id='par_1_6' title="bbox 182 1550 1117 2383">
     <span class='ocr_line' id='line_1_19' title="bbox 187 1550 1060 1603; baseline 0.001 -13"><span class='ocrx_word' id='word_1_186' title='bbox 187 1564 224 1592; x_wconf 89' lang='lat' dir='ltr'>nes</span> <span class='ocrx_word' id='word_1_187' title='bbox 235 1553 383 1603; x_wconf 85' lang='lat' dir='ltr'>comparentur</span> <span class='ocrx_word' id='word_1_188' title='bbox 393 1562 416 1590; x_wconf 88' lang='lat' dir='ltr'>ac</span> <span class='ocrx_word' id='word_1_189' title='bbox 426 1550 564 1601; x_wconf 76' lang='lat' dir='ltr'>designentur</span> <span class='ocrx_word' id='word_1_190' title='bbox 573 1550 659 1590; x_wconf 88' lang='lat' dir='ltr'>canibus</span> <span class='ocrx_word' id='word_1_191' title='bbox 670 1552 691 1589; x_wconf 88' lang='lat' dir='ltr'>et</span> <span class='ocrx_word' id='word_1_192' title='bbox 699 1550 769 1602; x_wconf 89' lang='lat' dir='ltr'>porcis</span> <span class='ocrx_word' id='word_1_193' title='bbox 779 1550 836 1590; x_wconf 86' lang='lat' dir='ltr'>varie</span> <span class='ocrx_word' id='word_1_194' title='bbox 847 1550 960 1602; x_wconf 82' lang='lat' dir='ltr'>explicant.</span> <span class='ocrx_word' id='word_1_195' title='bbox 970 1552 1060 1591; x_wconf 87' lang='lat' dir='ltr'>Eosdem</span> 
     </span>
     <span class='ocr_line' id='line_1_20' title="bbox 186 1614 1059 1667; baseline 0 -11"><span class='ocrx_word' id='word_1_196' title='bbox 186 1618 308 1667; x_wconf 88' lang='lat' dir='ltr'>peccatores</span> <span class='ocrx_word' id='word_1_197' title='bbox 321 1618 408 1667; x_wconf 86' lang='lat' dir='ltr'>utraque</span> <span class='ocrx_word' id='word_1_198' title='bbox 420 1615 580 1666; x_wconf 88' lang='lat' dir='ltr'>compellatione</span> <span class='ocrx_word' id='word_1_199' title='bbox 594 1614 684 1655; x_wconf 88' lang='lat' dir='ltr'>describi</span> <span class='ocrx_word' id='word_1_200' title='bbox 700 1617 786 1655; x_wconf 82' lang='lat' dir='ltr'>eerrsent</span> <span class='ocrx_word' id='word_1_201' title='bbox 797 1614 854 1656; x_wconf 85' lang='lat' dir='ltr'>Idas.</span> <span class='ocrx_word' id='word_1_202' title='bbox 866 1614 932 1655; x_wconf 80' lang='lat' dir='ltr'>Metel.</span> <span class='ocrx_word' id='word_1_203' title='bbox 949 1617 997 1667; x_wconf 77' lang='lat' dir='ltr'>Lep.</span> <span class='ocrx_word' id='word_1_204' title='bbox 1009 1618 1059 1656; x_wconf 82' lang='grc' dir='ltr'>Ανα.</span> 
     </span>
     <span class='ocr_line' id='line_1_21' title="bbox 186 1679 1060 1733; baseline 0 -12"><span class='ocrx_word' id='word_1_205' title='bbox 186 1681 271 1733; x_wconf 74' lang='lat' dir='ltr'>Setaea,</span> <span class='ocrx_word' id='word_1_206' title='bbox 283 1679 528 1732; x_wconf 67' lang='lat' dir='ltr'>,Ft.,⁴n0tantu1²iidem,</span> <span class='ocrx_word' id='word_1_207' title='bbox 540 1681 564 1720; x_wconf 91' lang='lat' dir='ltr'>ut</span> <span class='ocrx_word' id='word_1_208' title='bbox 576 1679 606 1720; x_wconf 88' lang='lat' dir='ltr'>ait</span> <span class='ocrx_word' id='word_1_209' title='bbox 615 1679 673 1731; x_wconf 76' lang='lat' dir='ltr'>Lep,</span> <span class='ocrx_word' id='word_1_210' title='bbox 685 1680 728 1719; x_wconf 88' lang='lat' dir='ltr'>scil.</span> <span class='ocrx_word' id='word_1_211' title='bbox 741 1680 835 1731; x_wconf 87' lang='lat' dir='ltr'>perversi</span> <span class='ocrx_word' id='word_1_212' title='bbox 844 1683 866 1721; x_wconf 91' lang='lat' dir='ltr'>et</span> <span class='ocrx_word' id='word_1_213' title='bbox 876 1680 985 1730; x_wconf 83' lang='lat' dir='ltr'>obstinati,</span> <span class='ocrx_word' id='word_1_214' title='bbox 996 1682 1060 1733; x_wconf 88' lang='lat' dir='ltr'>idque</span> 
     </span>
     <span class='ocr_line' id='line_1_22' title="bbox 187 1744 1075 1798; baseline -0.002 -11"><span class='ocrx_word' id='word_1_215' title='bbox 187 1749 273 1798; x_wconf 89' lang='lat' dir='ltr'>propter</span> <span class='ocrx_word' id='word_1_216' title='bbox 281 1746 439 1786; x_wconf 88' lang='lat' dir='ltr'>immunditiam</span> <span class='ocrx_word' id='word_1_217' title='bbox 449 1757 491 1797; x_wconf 85' lang='lat' dir='ltr'>qua</span> <span class='ocrx_word' id='word_1_218' title='bbox 500 1744 579 1785; x_wconf 89' lang='lat' dir='ltr'>similes</span> <span class='ocrx_word' id='word_1_219' title='bbox 589 1747 638 1786; x_wconf 90' lang='lat' dir='ltr'>sunt</span> <span class='ocrx_word' id='word_1_220' title='bbox 646 1745 722 1796; x_wconf 88' lang='lat' dir='ltr'>porcis,</span> <span class='ocrx_word' id='word_1_221' title='bbox 733 1748 754 1784; x_wconf 95' lang='lat' dir='ltr'>et</span> <span class='ocrx_word' id='word_1_222' title='bbox 763 1747 851 1797; x_wconf 89' lang='lat' dir='ltr'>propter</span> <span class='ocrx_word' id='word_1_223' title='bbox 860 1746 962 1786; x_wconf 88' lang='lat' dir='ltr'>rebellem</span> <span class='ocrx_word' id='word_1_224' title='bbox 973 1746 1060 1786; x_wconf 88' lang='lat' dir='ltr'>oblatra-</span> <span class='ocrx_word' id='word_1_225' title='bbox 1074 1786 1075 1790; x_wconf 65' lang='grc'>,</span> 
     </span>
     <span class='ocr_line' id='line_1_23' title="bbox 187 1810 1059 1863; baseline 0.001 -13"><span class='ocrx_word' id='word_1_226' title='bbox 187 1811 266 1851; x_wconf 86' lang='lat' dir='ltr'>tionem</span> <span class='ocrx_word' id='word_1_227' title='bbox 277 1822 318 1862; x_wconf 71' lang='lat' dir='ltr'>&lt;qua</span> <span class='ocrx_word' id='word_1_228' title='bbox 328 1810 408 1850; x_wconf 91' lang='lat' dir='ltr'>similes</span> <span class='ocrx_word' id='word_1_229' title='bbox 420 1812 470 1850; x_wconf 89' lang='lat' dir='ltr'>sunt</span> <span class='ocrx_word' id='word_1_230' title='bbox 479 1810 571 1850; x_wconf 87' lang='lat' dir='ltr'>canibus.</span> <span class='ocrx_word' id='word_1_231' title='bbox 583 1810 625 1849; x_wconf 85' lang='lat' dir='ltr'>Alii</span> <span class='ocrx_word' id='word_1_232' title='bbox 634 1810 691 1849; x_wconf 86' lang='lat' dir='ltr'>varia</span> <span class='ocrx_word' id='word_1_233' title='bbox 697 1813 835 1861; x_wconf 87' lang='lat' dir='ltr'>peccatorum</span> <span class='ocrx_word' id='word_1_234' title='bbox 843 1822 921 1862; x_wconf 79' lang='lat' dir='ltr'>genera</span> <span class='ocrx_word' id='word_1_235' title='bbox 931 1810 1059 1863; x_wconf 77' lang='lat' dir='ltr'>distinguere</span> 
     </span>
     <span class='ocr_line' id='line_1_24' title="bbox 186 1874 1117 1930; baseline 0 -14"><span class='ocrx_word' id='word_1_236' title='bbox 186 1877 275 1924; x_wconf 80' lang='lat' dir='ltr'>maluut3</span> <span class='ocrx_word' id='word_1_237' title='bbox 287 1887 348 1916; x_wconf 83' lang='lat' dir='ltr'>canes</span> <span class='ocrx_word' id='word_1_238' title='bbox 361 1875 431 1915; x_wconf 81' lang='lat' dir='ltr'>vocari</span> <span class='ocrx_word' id='word_1_239' title='bbox 446 1874 483 1930; x_wconf 92' lang='lat' dir='ltr'>qui</span> <span class='ocrx_word' id='word_1_240' title='bbox 498 1874 540 1914; x_wconf 91' lang='lat' dir='ltr'>sint</span> <span class='ocrx_word' id='word_1_241' title='bbox 551 1874 667 1926; x_wconf 89' lang='lat' dir='ltr'>impietatis</span> <span class='ocrx_word' id='word_1_242' title='bbox 682 1875 802 1915; x_wconf 88' lang='lat' dir='ltr'>incurabilis</span> <span class='ocrx_word' id='word_1_243' title='bbox 817 1874 846 1928; x_wconf 84' lang='lat' dir='ltr'>(S.</span> <span class='ocrx_word' id='word_1_244' title='bbox 864 1874 956 1927; x_wconf 69' lang='lat' dir='ltr'>Clarae),</span> <span class='ocrx_word' id='word_1_245' title='bbox 971 1877 1059 1927; x_wconf 82' lang='lat' dir='ltr'>gentiles</span> <span class='ocrx_word' id='word_1_246' title='bbox 1115 1889 1117 1895; x_wconf 94' lang='lat'>·</span> 
     </span>
     <span class='ocr_line' id='line_1_25' title="bbox 186 1937 1057 1994; baseline 0 -13"><span class='ocrx_word' id='word_1_247' title='bbox 186 1940 226 1994; x_wconf 78' lang='lat' dir='ltr'>(op.</span> <span class='ocrx_word' id='word_1_248' title='bbox 237 1939 303 1993; x_wconf 71' lang='lat' dir='ltr'>imp),</span> <span class='ocrx_word' id='word_1_249' title='bbox 316 1940 412 1987; x_wconf 88' lang='lat' dir='ltr'>infideles</span> <span class='ocrx_word' id='word_1_250' title='bbox 424 1938 540 1993; x_wconf 57' lang='lat' dir='ltr'>(Thersit),</span> <span class='ocrx_word' id='word_1_251' title='bbox 552 1939 653 1979; x_wconf 86' lang='lat' dir='ltr'>haeretici</span> <span class='ocrx_word' id='word_1_252' title='bbox 664 1937 693 1992; x_wconf 89' lang='lat' dir='ltr'>(S.</span> <span class='ocrx_word' id='word_1_253' title='bbox 706 1939 772 1980; x_wconf 82' lang='lat' dir='ltr'>Thera.</span> <span class='ocrx_word' id='word_1_254' title='bbox 782 1939 859 1993; x_wconf 75' lang='lat' dir='ltr'>Dion),</span> <span class='ocrx_word' id='word_1_255' title='bbox 869 1940 966 1980; x_wconf 86' lang='lat' dir='ltr'>irrisores</span> <span class='ocrx_word' id='word_1_256' title='bbox 976 1940 1057 1994; x_wconf 75' lang='lat' dir='ltr'>(Btsp),</span> 
     </span>
     <span class='ocr_line' id='line_1_26' title="bbox 182 2004 1058 2061; baseline 0 -15"><span class='ocrx_word' id='word_1_257' title='bbox 182 2007 306 2057; x_wconf 87' lang='lat' dir='ltr'>peccatores</span> <span class='ocrx_word' id='word_1_258' title='bbox 319 2005 393 2058; x_wconf 80' lang='lat' dir='ltr'>(aliqui</span> <span class='ocrx_word' id='word_1_259' title='bbox 404 2005 459 2056; x_wconf 89' lang='lat' dir='ltr'>apud</span> <span class='ocrx_word' id='word_1_260' title='bbox 468 2005 493 2061; x_wconf 64' lang='grc' dir='ltr'>β.</span> <span class='ocrx_word' id='word_1_261' title='bbox 504 2004 580 2055; x_wconf 79' lang='lat' dir='ltr'>Hier.);</span> <span class='ocrx_word' id='word_1_262' title='bbox 592 2016 667 2056; x_wconf 89' lang='lat' dir='ltr'>porcos</span> <span class='ocrx_word' id='word_1_263' title='bbox 680 2007 752 2044; x_wconf 88' lang='lat' dir='ltr'>autem</span> <span class='ocrx_word' id='word_1_264' title='bbox 765 2004 870 2045; x_wconf 87' lang='lat' dir='ltr'>nominari</span> <span class='ocrx_word' id='word_1_265' title='bbox 883 2004 956 2045; x_wconf 85' lang='lat' dir='ltr'>fideles</span> <span class='ocrx_word' id='word_1_266' title='bbox 967 2006 1058 2046; x_wconf 77' lang='lat' dir='ltr'>luxuriet</span> 
     </span>
     <span class='ocr_line' id='line_1_27' title="bbox 185 2069 1058 2123; baseline 0.001 -13"><span class='ocrx_word' id='word_1_267' title='bbox 185 2071 268 2115; x_wconf 85' lang='lat' dir='ltr'>deditos</span> <span class='ocrx_word' id='word_1_268' title='bbox 279 2070 308 2123; x_wconf 71' lang='lat' dir='ltr'>(S.</span> <span class='ocrx_word' id='word_1_269' title='bbox 319 2069 392 2122; x_wconf 72' lang='lat' dir='ltr'>Chrys,</span> <span class='ocrx_word' id='word_1_270' title='bbox 406 2069 492 2122; x_wconf 80' lang='lat' dir='ltr'>Tlrcopb.</span> <span class='ocrx_word' id='word_1_271' title='bbox 503 2082 534 2122; x_wconf 86' lang='lat' dir='ltr'>op.</span> <span class='ocrx_word' id='word_1_272' title='bbox 545 2072 593 2121; x_wconf 77' lang='lat' dir='ltr'>arip.</span> <span class='ocrx_word' id='word_1_273' title='bbox 606 2071 666 2110; x_wconf 80' lang='lat' dir='ltr'>Dion.</span> <span class='ocrx_word' id='word_1_274' title='bbox 678 2069 752 2122; x_wconf 65' lang='lat' dir='ltr'>lbra),</span> <span class='ocrx_word' id='word_1_275' title='bbox 764 2070 808 2110; x_wconf 89' lang='lat' dir='ltr'>luto</span> <span class='ocrx_word' id='word_1_276' title='bbox 818 2072 903 2110; x_wconf 88' lang='lat' dir='ltr'>terreno</span> <span class='ocrx_word' id='word_1_277' title='bbox 915 2071 1028 2111; x_wconf 90' lang='lat' dir='ltr'>immersos</span> <span class='ocrx_word' id='word_1_278' title='bbox 1038 2075 1058 2111; x_wconf 91' lang='lat' dir='ltr'>et</span> 
     </span>
     <span class='ocr_line' id='line_1_28' title="bbox 184 2123 1058 2190; baseline 0.002 -16"><span class='ocrx_word' id='word_1_279' title='bbox 184 2136 228 2176; x_wconf 91' lang='lat' dir='ltr'>luto</span> <span class='ocrx_word' id='word_1_280' title='bbox 239 2135 460 2187; x_wconf 84' lang='lat' dir='ltr'>concupiscentiarum</span> <span class='ocrx_word' id='word_1_281' title='bbox 471 2137 492 2174; x_wconf 91' lang='lat' dir='ltr'>et</span> <span class='ocrx_word' id='word_1_282' title='bbox 501 2134 577 2174; x_wconf 88' lang='lat' dir='ltr'>foetori</span> <span class='ocrx_word' id='word_1_283' title='bbox 586 2123 688 2174; x_wconf 84' lang='lat' dir='ltr'>vitiorum</span> <span class='ocrx_word' id='word_1_284' title='bbox 699 2134 772 2188; x_wconf 85' lang='lat' dir='ltr'>(Eutb.</span> <span class='ocrx_word' id='word_1_285' title='bbox 781 2135 820 2174; x_wconf 82' lang='lat' dir='ltr'>Br.</span> <span class='ocrx_word' id='word_1_286' title='bbox 832 2134 894 2188; x_wconf 72' lang='lat' dir='ltr'>Cat),</span> <span class='ocrx_word' id='word_1_287' title='bbox 905 2135 1002 2176; x_wconf 88' lang='lat' dir='ltr'>infideles</span> <span class='ocrx_word' id='word_1_288' title='bbox 1014 2136 1058 2190; x_wconf 82' lang='lat' dir='ltr'>(ali-</span> 
     </span>
     <span class='ocr_line' id='line_1_29' title="bbox 183 2199 1057 2253; baseline 0.002 -14"><span class='ocrx_word' id='word_1_289' title='bbox 183 2202 219 2252; x_wconf 89' lang='lat' dir='ltr'>qui</span> <span class='ocrx_word' id='word_1_290' title='bbox 235 2201 290 2252; x_wconf 88' lang='lat' dir='ltr'>apud</span> <span class='ocrx_word' id='word_1_291' title='bbox 304 2201 325 2241; x_wconf 86' lang='lat' dir='ltr'>S.</span> <span class='ocrx_word' id='word_1_292' title='bbox 343 2200 417 2253; x_wconf 63' lang='lat' dir='ltr'>Hicin),</span> <span class='ocrx_word' id='word_1_293' title='bbox 433 2202 588 2252; x_wconf 88' lang='lat' dir='ltr'>contemptores</span> <span class='ocrx_word' id='word_1_294' title='bbox 603 2200 698 2240; x_wconf 85' lang='lat' dir='ltr'>veritatis</span> <span class='ocrx_word' id='word_1_295' title='bbox 712 2199 740 2253; x_wconf 82' lang='lat' dir='ltr'>(S.</span> <span class='ocrx_word' id='word_1_296' title='bbox 758 2203 809 2253; x_wconf 79' lang='lat' dir='ltr'>Aap.</span> <span class='ocrx_word' id='word_1_297' title='bbox 827 2199 921 2253; x_wconf 62' lang='lat' dir='ltr'>Pasa),</span> <span class='ocrx_word' id='word_1_298' title='bbox 934 2201 1057 2242; x_wconf 89' lang='lat' dir='ltr'>immundos</span> 
     </span>
     <span class='ocr_line' id='line_1_30' title="bbox 184 2265 1057 2323; baseline 0 -17"><span class='ocrx_word' id='word_1_299' title='bbox 184 2266 212 2318; x_wconf 79' lang='lat' dir='ltr'>(S.</span> <span class='ocrx_word' id='word_1_300' title='bbox 225 2265 310 2319; x_wconf 72' lang='grc' dir='ltr'>ΤΙιονιι.)Δ</span> <span class='ocrx_word' id='word_1_301' title='bbox 321 2266 417 2306; x_wconf 78' lang='lat' dir='ltr'>Ceterum</span> <span class='ocrx_word' id='word_1_302' title='bbox 428 2277 489 2306; x_wconf 91' lang='lat' dir='ltr'>canes</span> <span class='ocrx_word' id='word_1_303' title='bbox 500 2267 521 2304; x_wconf 90' lang='lat' dir='ltr'>et</span> <span class='ocrx_word' id='word_1_304' title='bbox 529 2266 587 2318; x_wconf 89' lang='lat' dir='ltr'>porci</span> <span class='ocrx_word' id='word_1_305' title='bbox 597 2266 652 2323; x_wconf 87' lang='lat' dir='ltr'>apud</span> <span class='ocrx_word' id='word_1_306' title='bbox 660 2266 748 2306; x_wconf 88' lang='lat' dir='ltr'>ludaeos</span> <span class='ocrx_word' id='word_1_307' title='bbox 757 2277 842 2306; x_wconf 90' lang='lat' dir='ltr'>summo</span> <span class='ocrx_word' id='word_1_308' title='bbox 853 2266 986 2317; x_wconf 87' lang='lat' dir='ltr'>contemptui</span> <span class='ocrx_word' id='word_1_309' title='bbox 994 2266 1057 2306; x_wconf 88' lang='lat' dir='ltr'>habe-</span> 
     </span>
     <span class='ocr_line' id='line_1_31' title="bbox 183 2330 1057 2383; baseline 0.002 -13"><span class='ocrx_word' id='word_1_310' title='bbox 183 2332 259 2371; x_wconf 88' lang='lat' dir='ltr'>bantur</span> <span class='ocrx_word' id='word_1_311' title='bbox 272 2330 306 2382; x_wconf 85' lang='lat' dir='ltr'>(cf.</span> <span class='ocrx_word' id='word_1_312' title='bbox 318 2332 330 2370; x_wconf 62' lang='grc' dir='ltr'>Ξ</span> <span class='ocrx_word' id='word_1_313' title='bbox 340 2332 390 2383; x_wconf 76' lang='lat' dir='ltr'>Reg.</span> <span class='ocrx_word' id='word_1_314' title='bbox 405 2332 449 2380; x_wconf 84' lang='lat'>3,8;</span> <span class='ocrx_word' id='word_1_315' title='bbox 461 2332 503 2379; x_wconf 80' lang='grc'>9,8.</span> <span class='ocrx_word' id='word_1_316' title='bbox 514 2332 575 2371; x_wconf 86' lang='lat' dir='ltr'>Prov.</span> <span class='ocrx_word' id='word_1_317' title='bbox 587 2332 657 2380; x_wconf 64' lang='lat' dir='ltr'>llam</span> <span class='ocrx_word' id='word_1_318' title='bbox 668 2330 748 2382; x_wconf 72' lang='lat' dir='ltr'>26‚ll);</span> <span class='ocrx_word' id='word_1_319' title='bbox 761 2333 832 2371; x_wconf 88' lang='lat' dir='ltr'>scorta</span> <span class='ocrx_word' id='word_1_320' title='bbox 844 2331 915 2371; x_wconf 87' lang='lat' dir='ltr'>virilia</span> <span class='ocrx_word' id='word_1_321' title='bbox 926 2332 1057 2373; x_wconf 80' lang='lat' dir='ltr'>vocabantur</span> 
     </span>
    </p>
   </div>
   <div class='ocr_carea' id='block_1_7' title="bbox 119 2393 1058 2446">
    <p class='ocr_par' dir='ltr' id='par_1_7' title="bbox 119 2393 1058 2446">
     <span class='ocr_line' id='line_1_32' title="bbox 119 2393 1058 2446; baseline -0.002 -10"><span class='ocrx_word' id='word_1_322' title='bbox 119 2432 121 2436; x_wconf 93' lang='lat'>.</span> <span class='ocrx_word' id='word_1_323' title='bbox 182 2406 244 2435; x_wconf 86' lang='lat' dir='ltr'>canes</span> <span class='ocrx_word' id='word_1_324' title='bbox 254 2393 322 2446; x_wconf 86' lang='lat' dir='ltr'>(Dent.</span> <span class='ocrx_word' id='word_1_325' title='bbox 333 2393 409 2445; x_wconf 71' lang='lat' dir='ltr'>⁰23,l8).</span> <span class='ocrx_word' id='word_1_326' title='bbox 420 2395 491 2434; x_wconf 88' lang='lat' dir='ltr'>Notari</span> <span class='ocrx_word' id='word_1_327' title='bbox 499 2395 670 2446; x_wconf 78' lang='lat' dir='ltr'>gentilesnequit</span> <span class='ocrx_word' id='word_1_328' title='bbox 678 2396 768 2435; x_wconf 90' lang='lat' dir='ltr'>admitti.</span> <span class='ocrx_word' id='word_1_329' title='bbox 778 2397 859 2435; x_wconf 85' lang='lat' dir='ltr'>Poteris</span> <span class='ocrx_word' id='word_1_330' title='bbox 871 2398 967 2436; x_wconf 86' lang='lat' dir='ltr'>sanctum</span> <span class='ocrx_word' id='word_1_331' title='bbox 976 2397 996 2435; x_wconf 88' lang='lat' dir='ltr'>et</span> <span class='ocrx_word' id='word_1_332' title='bbox 1004 2407 1058 2436; x_wconf 88' lang='lat' dir='ltr'>mar·</span> 
     </span>
    </p>
   </div>
   <div class='ocr_carea' id='block_1_8' title="bbox 158 2458 1058 2577">
    <p class='ocr_par' dir='ltr' id='par_1_8' title="bbox 158 2458 1058 2577">
     <span class='ocr_line' id='line_1_33' title="bbox 181 2458 1058 2512; baseline -0.001 -13"><span class='ocrx_word' id='word_1_333' title='bbox 181 2460 258 2510; x_wconf 76' lang='lat' dir='ltr'>garitae</span> <span class='ocrx_word' id='word_1_334' title='bbox 274 2458 303 2499; x_wconf 87' lang='lat' dir='ltr'>ita</span> <span class='ocrx_word' id='word_1_335' title='bbox 318 2459 454 2509; x_wconf 79' lang='lat' dir='ltr'>distinguere,</span> <span class='ocrx_word' id='word_1_336' title='bbox 471 2459 561 2499; x_wconf 85' lang='lat' dir='ltr'>utillud</span> <span class='ocrx_word' id='word_1_337' title='bbox 576 2460 631 2499; x_wconf 87' lang='lat' dir='ltr'>dicat</span> <span class='ocrx_word' id='word_1_338' title='bbox 646 2461 749 2512; x_wconf 80' lang='lat' dir='ltr'>originem</span> <span class='ocrx_word' id='word_1_339' title='bbox 765 2460 880 2502; x_wconf 83' lang='lat' dir='ltr'>coelestem</span> <span class='ocrx_word' id='word_1_340' title='bbox 889 2463 910 2500; x_wconf 84' lang='lat' dir='ltr'>et</span> <span class='ocrx_word' id='word_1_341' title='bbox 924 2472 969 2501; x_wconf 92' lang='lat' dir='ltr'>rem</span> <span class='ocrx_word' id='word_1_342' title='bbox 981 2460 1058 2501; x_wconf 86' lang='lat' dir='ltr'>adDei</span> 
     </span>
     <span class='ocr_line' id='line_1_34' title="bbox 158 2521 963 2577; baseline 0 -13"><span class='ocrx_word' id='word_1_343' title='bbox 158 2573 159 2576; x_wconf 11' lang='grc' dir='ltr'><strong>Ἴ</strong></span> <span class='ocrx_word' id='word_1_344' title='bbox 182 2525 263 2566; x_wconf 87' lang='lat' dir='ltr'>cultum</span> <span class='ocrx_word' id='word_1_345' title='bbox 274 2526 413 2575; x_wconf 84' lang='lat' dir='ltr'>spectantem,</span> <span class='ocrx_word' id='word_1_346' title='bbox 425 2523 462 2563; x_wconf 90' lang='lat' dir='ltr'>hoc</span> <span class='ocrx_word' id='word_1_347' title='bbox 473 2525 543 2575; x_wconf 86' lang='lat' dir='ltr'>quanti</span> <span class='ocrx_word' id='word_1_348' title='bbox 552 2524 579 2564; x_wconf 88' lang='lat' dir='ltr'>sit</span> <span class='ocrx_word' id='word_1_349' title='bbox 589 2525 652 2575; x_wconf 90' lang='lat' dir='ltr'>pretii</span> <span class='ocrx_word' id='word_1_350' title='bbox 661 2527 682 2565; x_wconf 89' lang='lat' dir='ltr'>et</span> <span class='ocrx_word' id='word_1_351' title='bbox 692 2521 782 2577; x_wconf 87' lang='lat' dir='ltr'>quantae</span> <span class='ocrx_word' id='word_1_352' title='bbox 792 2526 963 2577; x_wconf 83' lang='lat' dir='ltr'>pulchritudinis.</span> 
     </span>
    </p>
   </div>
   <div class='ocr_carea' id='block_1_9' title="bbox 315 2662 919 2712">
    <p class='ocr_par' dir='ltr' id='par_1_9' title="bbox 315 2662 919 2712">
     <span class='ocr_line' id='line_1_35' title="bbox 315 2662 919 2712; baseline 0.008 -15"><span class='ocrx_word' id='word_1_353' title='bbox 315 2662 333 2709; x_wconf 77' lang='lat' dir='ltr'>a)</span> <span class='ocrx_word' id='word_1_354' title='bbox 348 2664 457 2707; x_wconf 82' lang='lat' dir='ltr'>Quomodo</span> <span class='ocrx_word' id='word_1_355' title='bbox 470 2665 543 2707; x_wconf 83' lang='lat' dir='ltr'>possit</span> <span class='ocrx_word' id='word_1_356' title='bbox 555 2666 611 2701; x_wconf 85' lang='lat' dir='ltr'>haec</span> <span class='ocrx_word' id='word_1_357' title='bbox 624 2665 714 2701; x_wconf 81' lang='lat' dir='ltr'>iustitia</span> <span class='ocrx_word' id='word_1_358' title='bbox 727 2667 810 2710; x_wconf 78' lang='lat' dir='ltr'>attingi</span> <span class='ocrx_word' id='word_1_359' title='bbox 823 2669 844 2712; x_wconf 63' lang='lat' dir='ltr'>v,</span> <span class='ocrx_word' id='word_1_360' title='bbox 858 2668 919 2702; x_wconf 72' lang='lat'>7-11.</span> 
     </span>
    </p>
   </div>
   <div class='ocr_carea' id='block_1_10' title="bbox 181 2776 1054 3242">
    <p class='ocr_par' dir='ltr' id='par_1_10' title="bbox 181 2776 1054 3242">
     <span class='ocr_line' id='line_1_36' title="bbox 207 2776 1054 2826; baseline 0.007 -17"><span class='ocrx_word' id='word_1_361' title='bbox 207 2777 243 2817; x_wconf 70' lang='lat'>7,7.</span> <span class='ocrx_word' id='word_1_362' title='bbox 254 2776 314 2810; x_wconf 85' lang='lat' dir='ltr'>Pente</span> <span class='ocrx_word' id='word_1_363' title='bbox 330 2778 348 2809; x_wconf 83' lang='lat' dir='ltr'>et</span> <span class='ocrx_word' id='word_1_364' title='bbox 361 2778 506 2818; x_wconf 79' lang='lat' dir='ltr'>(labiturvohis‚</span> <span class='ocrx_word' id='word_1_365' title='bbox 523 2780 606 2821; x_wconf 81' lang='lat' dir='ltr'>qtlueritc</span> <span class='ocrx_word' id='word_1_366' title='bbox 654 2780 691 2820; x_wconf 64' lang='lat' dir='ltr'>at.</span> <span class='ocrx_word' id='word_1_367' title='bbox 702 2777 765 2813; x_wconf 76' lang='lat' dir='ltr'>ribeira</span> <span class='ocrx_word' id='word_1_368' title='bbox 779 2778 807 2813; x_wconf 82' lang='grc' dir='ltr'>καί</span> <span class='ocrx_word' id='word_1_369' title='bbox 820 2777 909 2821; x_wconf 76' lang='grc' dir='ltr'>δοθήσεται</span> <span class='ocrx_word' id='word_1_370' title='bbox 923 2778 973 2826; x_wconf 71' lang='grc' dir='ltr'>ὑμῖν,</span> <span class='ocrx_word' id='word_1_371' title='bbox 989 2781 1054 2825; x_wconf 75' lang='grc' dir='ltr'>ζητεῖτε</span> 
     </span>
     <span class='ocr_line' id='line_1_37' title="bbox 182 2836 1051 2887; baseline 0.009 -20"><span class='ocrx_word' id='word_1_372' title='bbox 182 2836 200 2867; x_wconf 85' lang='lat' dir='ltr'>et</span> <span class='ocrx_word' id='word_1_373' title='bbox 209 2836 313 2880; x_wconf 72' lang='lat' dir='ltr'>inuenietis,</span> <span class='ocrx_word' id='word_1_374' title='bbox 325 2837 398 2878; x_wconf 80' lang='lat' dir='ltr'>pulsata</span> <span class='ocrx_word' id='word_1_375' title='bbox 411 2837 429 2870; x_wconf 81' lang='lat' dir='ltr'>et</span> <span class='ocrx_word' id='word_1_376' title='bbox 440 2838 533 2880; x_wconf 81' lang='lat' dir='ltr'>aperietur</span> <span class='ocrx_word' id='word_1_377' title='bbox 542 2839 603 2880; x_wconf 86' lang='lat' dir='ltr'>vobis;</span> <span class='ocrx_word' id='word_1_378' title='bbox 630 2836 658 2871; x_wconf 79' lang='grc' dir='ltr'>ααί</span> <span class='ocrx_word' id='word_1_379' title='bbox 667 2836 752 2884; x_wconf 65' lang='grc' dir='ltr'>ἐρρήσετε,</span> <span class='ocrx_word' id='word_1_380' title='bbox 766 2837 832 2883; x_wconf 78' lang='grc' dir='ltr'>κρούετε</span> <span class='ocrx_word' id='word_1_381' title='bbox 846 2837 874 2872; x_wconf 76' lang='grc' dir='ltr'>καί</span> <span class='ocrx_word' id='word_1_382' title='bbox 886 2836 993 2885; x_wconf 72' lang='grc' dir='ltr'>ἀνοιγήσεται</span> <span class='ocrx_word' id='word_1_383' title='bbox 1006 2840 1051 2887; x_wconf 76' lang='grc' dir='ltr'>ὑμῖν.</span> 
     </span>
     <span class='ocr_line' id='line_1_38' title="bbox 183 2893 1052 2944; baseline 0.009 -18"><span class='ocrx_word' id='word_1_384' title='bbox 183 2893 199 2926; x_wconf 81' lang='grc'>8.</span> <span class='ocrx_word' id='word_1_385' title='bbox 211 2896 271 2928; x_wconf 89' lang='lat' dir='ltr'>omnis</span> <span class='ocrx_word' id='word_1_386' title='bbox 281 2896 331 2929; x_wconf 89' lang='lat' dir='ltr'>enim</span> <span class='ocrx_word' id='word_1_387' title='bbox 349 2898 380 2937; x_wconf 84' lang='lat' dir='ltr'>qm</span> <span class='ocrx_word' id='word_1_388' title='bbox 393 2897 439 2938; x_wconf 80' lang='lat' dir='ltr'>petii</span> <span class='ocrx_word' id='word_1_389' title='bbox 452 2898 527 2939; x_wconf 87' lang='lat' dir='ltr'>accipit,</span> <span class='ocrx_word' id='word_1_390' title='bbox 542 2898 560 2935; x_wconf 86' lang='lat' dir='ltr'>et</span> <span class='ocrx_word' id='word_1_391' title='bbox 574 2900 605 2940; x_wconf 91' lang='lat' dir='ltr'>qui</span> <span class='ocrx_word' id='word_1_392' title='bbox 630 2899 647 2932; x_wconf 83' lang='grc'>8.</span> <span class='ocrx_word' id='word_1_393' title='bbox 657 2898 688 2937; x_wconf 79' lang='grc' dir='ltr'>πᾶς</span> <span class='ocrx_word' id='word_1_394' title='bbox 701 2895 733 2943; x_wconf 76' lang='grc' dir='ltr'>γὰρ</span> <span class='ocrx_word' id='word_1_395' title='bbox 746 2895 755 2929; x_wconf 85' lang='grc' dir='ltr'>ὁ</span> <span class='ocrx_word' id='word_1_396' title='bbox 769 2895 819 2931; x_wconf 82' lang='grc' dir='ltr'>αἰτῶν</span> <span class='ocrx_word' id='word_1_397' title='bbox 833 2895 924 2944; x_wconf 65' lang='lat' dir='ltr'>laphitae,</span> <span class='ocrx_word' id='word_1_398' title='bbox 941 2898 967 2933; x_wconf 82' lang='grc' dir='ltr'>καὶ</span> <span class='ocrx_word' id='word_1_399' title='bbox 981 2898 1052 2944; x_wconf 60' lang='lat' dir='ltr'>etanta</span> 
     </span>
     <span class='ocr_line' id='line_1_39' title="bbox 183 2946 1052 3007; baseline 0.008 -21"><span class='ocrx_word' id='word_1_400' title='bbox 183 2955 255 2995; x_wconf 88' lang='lat' dir='ltr'>quaerit</span> <span class='ocrx_word' id='word_1_401' title='bbox 264 2955 335 2987; x_wconf 79' lang='lat' dir='ltr'>invenit</span> <span class='ocrx_word' id='word_1_402' title='bbox 351 2956 370 2988; x_wconf 90' lang='lat' dir='ltr'>et</span> <span class='ocrx_word' id='word_1_403' title='bbox 384 2955 465 2997; x_wconf 85' lang='lat' dir='ltr'>pulsanti</span> <span class='ocrx_word' id='word_1_404' title='bbox 475 2955 574 3007; x_wconf 53' lang='lat' dir='ltr'>aperietura</span> <span class='ocrx_word' id='word_1_405' title='bbox 586 2958 603 2992; x_wconf 85' lang='lat'>9.</span> <span class='ocrx_word' id='word_1_406' title='bbox 629 2955 705 3002; x_wconf 64' lang='grc' dir='ltr'>εὑρίσκει,</span> <span class='ocrx_word' id='word_1_407' title='bbox 716 2954 745 2989; x_wconf 58' lang='grc' dir='ltr'>’καὶ</span> <span class='ocrx_word' id='word_1_408' title='bbox 759 2958 782 3003; x_wconf 79' lang='grc' dir='ltr'>τῷ</span> <span class='ocrx_word' id='word_1_409' title='bbox 790 2955 866 3003; x_wconf 73' lang='grc' dir='ltr'>κρούοντι</span> <span class='ocrx_word' id='word_1_410' title='bbox 879 2946 970 3005; x_wconf 66' lang='grc' dir='ltr'>ἀνοίγεται.</span> <span class='ocrx_word' id='word_1_411' title='bbox 982 2961 998 2993; x_wconf 86' lang='grc'>9.</span> <span class='ocrx_word' id='word_1_412' title='bbox 1009 2959 1019 3002; x_wconf 79' lang='grc' dir='ltr'>ἢ</span> <span class='ocrx_word' id='word_1_413' title='bbox 1029 2958 1052 2998; x_wconf 88' lang='grc' dir='ltr'>τίς</span> 
     </span>
     <span class='ocr_line' id='line_1_40' title="bbox 182 3011 1051 3062; baseline 0.009 -19"><span class='ocrx_word' id='word_1_414' title='bbox 182 3012 219 3044; x_wconf 81' lang='lat' dir='ltr'>Aut</span> <span class='ocrx_word' id='word_1_415' title='bbox 230 3011 271 3053; x_wconf 84' lang='lat' dir='ltr'>quis</span> <span class='ocrx_word' id='word_1_416' title='bbox 280 3015 308 3045; x_wconf 88' lang='lat' dir='ltr'>est</span> <span class='ocrx_word' id='word_1_417' title='bbox 318 3014 404 3051; x_wconf 74' lang='lat' dir='ltr'>exrobis</span> <span class='ocrx_word' id='word_1_418' title='bbox 414 3015 469 3047; x_wconf 92' lang='lat' dir='ltr'>homo</span> <span class='ocrx_word' id='word_1_419' title='bbox 478 3024 534 3057; x_wconf 67' lang='lat' dir='ltr'>clarem</span> <span class='ocrx_word' id='word_1_420' title='bbox 543 3016 559 3049; x_wconf 84' lang='lat' dir='ltr'>si</span> <span class='ocrx_word' id='word_1_421' title='bbox 570 3024 604 3058; x_wconf 85' lang='lat' dir='ltr'>pe-</span> <span class='ocrx_word' id='word_1_422' title='bbox 629 3013 672 3049; x_wconf 79' lang='grc' dir='ltr'>ἔστιν</span> <span class='ocrx_word' id='word_1_423' title='bbox 687 3012 703 3054; x_wconf 79' lang='grc' dir='ltr'>ἐξ</span> <span class='ocrx_word' id='word_1_424' title='bbox 717 3013 762 3060; x_wconf 72' lang='grc' dir='ltr'>ὑμῶν</span> <span class='ocrx_word' id='word_1_425' title='bbox 778 3014 863 3062; x_wconf 81' lang='grc' dir='ltr'>ἅνθρωπος</span> <span class='ocrx_word' id='word_1_426' title='bbox 879 3016 897 3051; x_wconf 74' lang='grc' dir='ltr'>ὃν</span> <span class='ocrx_word' id='word_1_427' title='bbox 915 3016 978 3060; x_wconf 69' lang='grc' dir='ltr'>αἰτήσει</span> <span class='ocrx_word' id='word_1_428' title='bbox 995 3017 1004 3051; x_wconf 78' lang='grc' dir='ltr'>ὁ</span> <span class='ocrx_word' id='word_1_429' title='bbox 1018 3017 1051 3057; x_wconf 77' lang='grc' dir='ltr'>υἱὸς</span> 
     </span>
     <span class='ocr_line' id='line_1_41' title="bbox 181 3062 1049 3123; baseline 0.006 -19"><span class='ocrx_word' id='word_1_430' title='bbox 181 3071 231 3104; x_wconf 89' lang='lat' dir='ltr'>tierit</span> <span class='ocrx_word' id='word_1_431' title='bbox 248 3069 297 3103; x_wconf 82' lang='lat' dir='ltr'>lilius</span> <span class='ocrx_word' id='word_1_432' title='bbox 313 3080 357 3104; x_wconf 88' lang='lat' dir='ltr'>suus</span> <span class='ocrx_word' id='word_1_433' title='bbox 367 3082 440 3114; x_wconf 87' lang='lat' dir='ltr'>panem,</span> <span class='ocrx_word' id='word_1_434' title='bbox 456 3075 546 3116; x_wconf 89' lang='lat' dir='ltr'>numquid</span> <span class='ocrx_word' id='word_1_435' title='bbox 556 3076 603 3117; x_wconf 89' lang='lat' dir='ltr'>lapi·</span> <span class='ocrx_word' id='word_1_436' title='bbox 629 3072 678 3108; x_wconf 79' lang='grc' dir='ltr'>αὐτοῦ</span> <span class='ocrx_word' id='word_1_437' title='bbox 692 3062 751 3120; x_wconf 76' lang='grc' dir='ltr'>ἄρτον,</span> <span class='ocrx_word' id='word_1_438' title='bbox 766 3075 787 3123; x_wconf 72' lang='grc' dir='ltr'>μὴ</span> <span class='ocrx_word' id='word_1_439' title='bbox 801 3063 849 3111; x_wconf 79' lang='grc' dir='ltr'>λίθον</span> <span class='ocrx_word' id='word_1_440' title='bbox 863 3075 939 3111; x_wconf 75' lang='grc' dir='ltr'>ἐπιδώσει</span> <span class='ocrx_word' id='word_1_441' title='bbox 950 3075 1006 3123; x_wconf 65' lang='grc' dir='ltr'>,αὖτῷ;</span> <span class='ocrx_word' id='word_1_442' title='bbox 1022 3079 1049 3112; x_wconf 80' lang='grc'>10.</span> 
     </span>
     <span class='ocr_line' id='line_1_42' title="bbox 181 3129 1047 3182; baseline 0.007 -19"><span class='ocrx_word' id='word_1_443' title='bbox 181 3131 223 3163; x_wconf 88' lang='lat' dir='ltr'>dem</span> <span class='ocrx_word' id='word_1_444' title='bbox 237 3131 321 3173; x_wconf 80' lang='lat' dir='ltr'>porriget</span> <span class='ocrx_word' id='word_1_445' title='bbox 332 3129 359 3162; x_wconf 85' lang='lat' dir='ltr'>eil</span> <span class='ocrx_word' id='word_1_446' title='bbox 372 3131 398 3164; x_wconf 87' lang='lat'>10.</span> <span class='ocrx_word' id='word_1_447' title='bbox 410 3133 442 3165; x_wconf 86' lang='lat' dir='ltr'>aut</span> <span class='ocrx_word' id='word_1_448' title='bbox 457 3134 473 3165; x_wconf 90' lang='lat' dir='ltr'>si</span> <span class='ocrx_word' id='word_1_449' title='bbox 486 3134 556 3175; x_wconf 87' lang='lat' dir='ltr'>piscem</span> <span class='ocrx_word' id='word_1_450' title='bbox 569 3142 602 3175; x_wconf 85' lang='lat' dir='ltr'>pe·</span> <span class='ocrx_word' id='word_1_451' title='bbox 627 3131 674 3175; x_wconf 77' lang='grc' dir='ltr'>ἢταὶ</span> <span class='ocrx_word' id='word_1_452' title='bbox 684 3131 730 3179; x_wconf 71' lang='grc' dir='ltr'>ἰχθὺν</span> <span class='ocrx_word' id='word_1_453' title='bbox 740 3132 814 3180; x_wconf 73' lang='grc' dir='ltr'>αἰτήσει,</span> <span class='ocrx_word' id='word_1_454' title='bbox 829 3134 851 3182; x_wconf 79' lang='grc' dir='ltr'>μὴ</span> <span class='ocrx_word' id='word_1_455' title='bbox 862 3135 898 3181; x_wconf 77' lang='grc' dir='ltr'>ὄριν</span> <span class='ocrx_word' id='word_1_456' title='bbox 909 3133 985 3170; x_wconf 79' lang='grc' dir='ltr'>ἐπιδώσει</span> <span class='ocrx_word' id='word_1_457' title='bbox 996 3135 1047 3182; x_wconf 78' lang='grc' dir='ltr'>αἰτῷ;</span> 
     </span>
     <span class='ocr_line' id='line_1_43' title="bbox 181 3188 1049 3242; baseline 0.003 -18"><span class='ocrx_word' id='word_1_458' title='bbox 181 3191 240 3232; x_wconf 84' lang='lat' dir='ltr'>tierit,</span> <span class='ocrx_word' id='word_1_459' title='bbox 257 3189 347 3233; x_wconf 87' lang='lat' dir='ltr'>numquid</span> <span class='ocrx_word' id='word_1_460' title='bbox 361 3191 465 3233; x_wconf 86' lang='lat' dir='ltr'>serpentem</span> <span class='ocrx_word' id='word_1_461' title='bbox 479 3192 562 3235; x_wconf 83' lang='lat' dir='ltr'>porriget</span> <span class='ocrx_word' id='word_1_462' title='bbox 574 3191 602 3226; x_wconf 83' lang='lat' dir='ltr'>oi?</span> <span class='ocrx_word' id='word_1_463' title='bbox 629 3193 656 3227; x_wconf 90' lang='lat' dir='ltr'>ll.</span> <span class='ocrx_word' id='word_1_464' title='bbox 680 3193 694 3228; x_wconf 84' lang='grc' dir='ltr'>εἰ</span> <span class='ocrx_word' id='word_1_465' title='bbox 715 3188 743 3229; x_wconf 62' lang='grc' dir='ltr'>οὖν</span> <span class='ocrx_word' id='word_1_466' title='bbox 765 3193 812 3242; x_wconf 76' lang='grc' dir='ltr'>ὑμεῖς</span> <span class='ocrx_word' id='word_1_467' title='bbox 833 3192 904 3240; x_wconf 78' lang='grc' dir='ltr'>πονηροὶ</span> <span class='ocrx_word' id='word_1_468' title='bbox 928 3193 973 3235; x_wconf 76' lang='grc' dir='ltr'>ὄντες</span> <span class='ocrx_word' id='word_1_469' title='bbox 994 3193 1049 3230; x_wconf 77' lang='grc' dir='ltr'>οἴδατε</span> 
     </span>
    </p>
   </div>
   <div class='ocr_carea' id='block_1_11' title="bbox 0 0 1124 3511">
    <p class='ocr_par' dir='ltr' id='par_1_11' title="bbox 0 0 1124 3511">
     <span class='ocr_line' id='line_1_44' title="bbox 0 0 1124 3511; baseline 0 3"><span class='ocrx_word' id='word_1_470' title='bbox 0 0 1124 3511; x_wconf 95' lang='lat' dir='ltr'> </span> 
     </span>
    </p>
   </div>
  </div>
 </body>
</html>
