2239 3511
395 505 463 548 rans
479 505 598 548 saeuum
615 507 635 564 a,
655 507 770 559 maaca.

172 668 198 708 ln
208 665 251 709 hac
262 666 327 724 parte
334 667 394 710 lesus
403 664 540 709 describitur
547 665 633 710 Messias
643 668 760 724 tamquam
769 679 841 709 novae
851 662 908 721 legis
918 662 1021 723 promul·
1061 700 1062 703 ,

76 774 77 777 ,
142 740 209 794 gater
219 735 259 795 qui
270 735 371 780 indolem
383 740 404 781 et
410 739 517 781 naturam
529 736 594 794 regni
603 736 707 780 messiani
717 736 814 797 explicat
824 738 845 780 et
855 734 1020 780 miraculorum

142 808 272 868 patratione
283 822 306 851 se
317 807 403 867 pariter
411 807 511 852 Messium
522 812 543 851 et
556 807 685 867 principem
695 809 863 868 prophetarum
874 806 968 866 prohat;
981 803 1021 865 qui

142 893 194 922 cum
202 878 317 937 principes
326 892 457 935 synagogae
468 893 492 922 se
500 878 589 936 ineptos
600 892 647 921 esse
656 878 803 930 manifestent
813 893 885 935 regno
898 878 1017 933 messiano,

141 950 190 993 eius
195 948 263 1006 regni
270 948 385 1012 principes
393 964 419 993 ex
426 949 475 993 suis'
480 948 556 1005 seligit
564 948 690 1007 discipulis.
699 950 828 994 Ostenditur
835 950 913 1008 itaque
919 949 1019 993 Christus

141 1020 229 1074 doctor,
240 1019 344 1079 patrator
353 1020 526 1075 miraculorum,
539 1020 605 1076 regni
615 1020 725 1070 messiani
736 1019 849 1064 conditor.

210 1168 227 1205 1.
242 1163 327 1203 Iniibuu
337 1162 490 1215 praedicationis
506 1161 580 1203 carisa
593 1164 612 1202 a
623 1162 695 1203 bocatii
709 1163 849 1216 άάννίρννίοννννν
863 1166 950 1213 alt-222

165 1291 213 1332 112.
225 1291 272 1325 Cum
283 1292 345 1324 autem
355 1290 438 1324 audisset
452 1291 503 1324 Iesus
517 1289 566 1332 quod
612 1289 660 1334 42¹2·
673 1286 751 1330 Ἀκούσας
766 1288 783 1324 δὲ
800 1289 826 1323 ὅτι
842 1288 919 1333 ’Ἰωάννης
935 1282 1016 1335 παρεδόθη

141 1351 223 1384 Ioannes
237 1351 316 1383 traditus
327 1353 383 1391 esset,
394 1351 472 1384 secessit
480 1351 499 1382 in
515 1349 566 1383 Gali·
588 1345 693 1393 ἀνεχώρησεν
714 1346 736 1389 εἰς
762 1346 791 1392 τὴν
814 1348 912 1391 Γαλιλαίαν,
938 1350 964 1385 13.
989 1356 1018 1391 καὶ

139 1411 206 1443 laeam.
226 1399 253 1443 13.
269 1410 293 1442 Et
305 1409 370 1442 relicta
385 1410 459 1442 civitate
473 1409 565 1442 Nazareth
587 1405 686 1441 καταλιπὼν
705 1405 735 1450 τήν
757 1407 826 1454 Ναζαρά
845 1407 898 1442 ἐλθὼν
920 1407 1016 1454 κατῴκησεν

138 1470 190 1503 venit
201 1470 220 1502 et
229 1469 321 1501 habitauit
331 1469 351 1500 in
364 1468 495 1510 Gapharnaum
508 1457 564 1501 inari·
587 1464 608 1505 είς
619 1458 731 1512 Καφαρναοὺμ
743 1465 772 1510 τὴν
787 1466 922 1513 παραθαλασσίαν
936 1465 952 1501 ἐν
966 1465 1015 1512 ὁρίοις

138 1529 190 1569 tima,
200 1529 220 1560 in
231 1527 299 1560 finibus
313 1527 396 1561 Zabulon
406 1530 424 1560 et
434 1527 562 1569 Neplithalim,
586 1524 674 1558 Ζαθουλὼν
690 1524 718 1560 καί
731 1525 833 1573 Νεφθαλείμ,
850 1528 877 1562 11.
890 1525 919 1560 ἵνα
934 1524 1015 1572 πληρωθῇ
1026 1539 1028 1544 ’
1084 1540 1086 1545 ¹

140 1587 340 1629 linteaminum
353 1587 402 1628 quod
413 1585 482 1620 dictum
493 1588 521 1619 est
530 1594 564 1628 per
586 1583 604 1618 rb
615 1583 662 1630 ῥηθὲν
672 1583 698 1618 aa
712 1583 783 1621 Ἠσαίου
792 1587 822 1620 τοῦ
832 1585 915 1632 προφήτου
928 1585 1013 1632 λέγοντοςΙ

108 1665 110 1668 -
139 1647 207 1680 Isaiam
221 1647 331 1688 proplietam
345 1652 349 1682 ς
365 1646 393 1680 15.
410 1646 467 1679 Terra
481 1642 563 1679 Zabulon
588 1645 615 1679 15.
628 1647 650 1690 γῆ
666 1643 754 1679 Ζαθουλὼν
770 1644 798 1680 καί
812 1646 834 1692 γῆ
853 1644 960 1691 Νεφθαλείμ,
975 1643 1014 1678 abac

138 1708 156 1740 et
165 1709 215 1739 terra
224 1706 345 1747 Neplitbalim
357 1706 386 1738 uia
397 1707 453 1739 irraris
463 1708 515 1738 trans
525 1705 564 1738 lor·
586 1702 667 1747 θαλάσσης
690 1704 740 1750 πέραν
764 1706 793 1739 τοῦ
820 1703 908 1751 Ἰορδάνου,
932 1703 1014 1738 Γαλιλαία

138 1766 211 1806 danem,
230 1764 422 1806 Galilaeagentium,
441 1764 467 1797 ίθ.
485 1765 564 1806 populus
585 1765 617 1796 τῶν
628 1762 686 1806 ἐθνῶν,
699 1764 726 1798 16.
738 1763 747 1797 ὁ
759 1763 917 1810 λαθςὸκαθημενας
927 1762 944 1798 ἐν
955 1763 1014 1809 σκοτίᾳ

138 1825 170 1867 qui
179 1823 257 1857 sedehat
268 1824 287 1855 in
299 1823 381 1856 tenebris
390 1823 437 1856 vidit
450 1824 510 1857 lucem
523 1814 563 1855 ma·
582 1824 617 1867 φῶς
630 1820 673 1856 εἶδεν
684 1822 763 1868 μέγακαὶ
776 1826 810 1863 τοῖς
823 1822 921 1869 καθημένοις
934 1821 951 1857 ἓν
966 1823 1013 1870 χώρᾳ

137 1892 193 1926 gnam
210 1885 229 1917 et
242 1871 350 1917 sedentibus
365 1883 384 1915 in
395 1883 472 1924 regione
487 1882 563 1915 umbrae
585 1880 612 1915 καί
628 1881 666 1927 σκιᾷ
680 1881 751 1916 θανάτου
765 1885 799 1928 φῶς
813 1880 895 1917 ἀνέτειλεν
910 1880 970 1921 αὐτοῖς.
984 1884 1010 1917 ii.

81 1968 82 1971 ι
136 1943 201 1976 mortis
211 1943 243 1975 iux
256 1942 297 1975 orta
310 1944 338 1975 est
352 1942 384 1975 eis.
398 1942 425 1975 17.
438 1942 509 1974 Exinde
522 1950 563 1974 coe·
576 1938 628 1988 ΔἌιιί)
643 1940 681 1975 τότε
698 1938 758 1986 ἤρξατο
771 1940 780 1975 ὁ
800 1940 863 1985 Ἰησοῦς
880 1941 966 1988 κηρύσσειν
983 1941 1013 1975 καὶ

136 2003 163 2044 pit
172 2002 224 2035 Iesus
234 2001 342 2044 praedicare
351 2004 369 2033 ei
377 2001 439 2034 dicere
450 2011 454 2034 z
466 2001 562 2043 poeniten·
584 1998 645 2046 λέγειν·
652 2022 654 2026 .
661 2001 764 2047 μετανοεῖτε,
779 1998 847 2048 ἤγγικεν
863 1999 921 2047 γὰρὴ
936 1997 1012 2047 βασιλεία

136 2062 180 2093 iiam
190 2061 249 2102 agita·
259 2061 415 2102 appropinquavit
425 2060 474 2093 enim
483 2069 562 2102 regnum
584 2062 616 2093 τῶν
632 2058 712 2106 οὐρανῶν.
731 2062 757 2096 18.
774 2062 865 2107 περιπατῶν
884 2058 901 2094 δὲ
921 2059 965 2107 παρὰ
982 2058 1011 2103 τὴν

136 2121 236 2153 coelorum.
255 2119 283 2152 18.
302 2119 404 2152 Ambulans
425 2121 487 2152 autent
510 2120 562 2152 Iesus
584 2117 668 2153 θάλασσαν
680 2120 709 2162 τῆς
719 2118 807 2159 Γαλιλαίας
821 2118 864 2154 εἶδεν
879 2118 907 2153 δίο
922 2118 1008 2166 άδελρυιίς,
1027 2158 1028 2161 ,

135 2180 187 2212 iuxta
208 2187 259 2211 mare
279 2178 373 2211 Galilaeae
392 2179 438 2212 vidit
458 2179 504 2212 duos
523 2178 561 2212 ira·
583 2177 650 2224 Σίμωνα
664 2177 692 2212 τὀν
704 2177 873 2225 λεγόμενσνΠέτρον
890 2177 917 2213 καί
932 2177 1011 2225 Ἀνδρέαν

134 2240 178 2279 tres,
198 2238 294 2272 Simonem
310 2238 342 2280 qui
359 2241 436 2273 vocatur
452 2239 525 2279 Petram,
542 2240 561 2271 ot
582 2237 611 2272 τὸν
626 2236 696 2284 ἀδελφὴν
710 2236 765 2284 αὐτοῦ,
776 2237 869 2285 βάλλοντας
884 2237 1009 2286 ἀμφίθληστρον

133 2297 227 2332 Andream
246 2298 322 2331 fratrem
341 2298 390 2339 eius,
408 2299 502 2332 mittentes
521 2300 560 2332 rete
582 2296 603 2337 είς
621 2295 651 2340 τὴν
674 2296 766 2343 θάλασσαν,
786 2294 828 2342 ἦσαν
850 2297 882 2345 γὰρ
901 2297 962 2341 ἁλεεῖς,
982 2300 1010 2333 19Ὶ

134 2359 153 2390 in
168 2358 292 2399 mare1erant
307 2358 356 2390 enlin
371 2355 478 2400 piscatores}
497 2358 524 2391 ia.
542 2358 560 2390 el
582 2356 610 2391 καί
630 2356 676 2403 λέγει
698 2356 759 2397 αὐτοῖς·
786 2358 833 2391 δεῦτε
855 2356 907 2392 ὀπίσω
922 2345 961 2403 ’μου
982 2357 1011 2392 καὶ

134 2417 302 2452 attiluszvenitc
316 2419 359 2458 post
373 2426 403 2450 me
416 2417 514 2450 etfaciam
527 2426 560 2449 vos
582 2415 644 2459 ποιησω
665 2415 707 2462 ὑμᾶς
725 2415 779 2456 ἁλεεῖς
799 2416 896 2463 ἀνθρώπων.
911 2407 944 2452 λθ.
961 2415 978 2450 ol
993 2415 1011 2450 δὲ

134 2475 174 2509 fieri
182 2476 284 2517 piscatores
293 2476 395 2508 hominum.
406 2476 434 2509 20.
446 2477 469 2508 nt
479 2476 506 2507 ilii
515 2485 560 2508 con-
582 2473 638 2514 εὐθέως
665 2473 729 2521 ἀρέντες
756 2474 776 2510 τὰ
799 2475 862 2510 ,δίκτυα
892 2474 1009 2520 ἠκολούθησαν

134 2536 186 2569 tiuuo
193 2535 262 2568 relictis
269 2534 338 2566 retibus
348 2535 408 2567 secuti
418 2537 461 2568 sunt
472 2543 520 2567 euin.
530 2534 558 2567 21.
582 2533 631 2579 αὐτῷ.
650 2536 677 2569 .1.
693 2533 720 2568 καλ
734 2533 795 2582 προδὰς
810 2534 872 2570 ἐκεῖθεν
887 2533 930 2570 εἶδεν
947 2532 1023 2576 ἄλλους’
1065 2562 1066 2566 .

133 2595 156 2628 m
170 2594 273 2637 procedens
286 2593 330 2626 indo
342 2593 389 2627 vidit
403 2594 449 2627 aiios
463 2593 509 2627 dnos
522 2593 559 2627 iia·
581 2593 610 2627 δίο
626 2592 711 2640 ἀδελφούς,
730 2594 807 2642 Ἰάκιυθον
828 2594 856 2629 τὀν
873 2597 901 2630 τοῦ
920 2594 1009 2630 Ζεθεθαίου

132 2656 177 2693 tres,
187 2654 274 2687 Iacobum
285 2653 375 2687 Zebedaei
389 2655 407 2687 et
420 2654 509 2687 Ioannem
521 2654 558 2687 ira·
581 2643 609 2688 καί
622 2652 699 2698 Ἰωάννην
710 2653 738 2690 τὴν
750 2654 821 2702 ἀδελφὸν
830 2653 880 2689 αὐτοῦ
891 2654 907 2689 ἐν
920 2657 945 2702 τῷ
955 2654 1009 2700 πλοίῳ

132 2716 179 2747 trem
192 2715 232 2747 eius
245 2714 264 2746 in
280 2714 324 2746 navi
340 2722 381 2746 cum
397 2713 559 2756 Zebedaeopatie
574 2702 622 2760 ’μετὰ
638 2713 724 2748 Ζεάεθαίον
739 2716 768 2749 τοῦ
786 2714 847 2761 πατρὸς
860 2714 915 2749 αὑτῶν
931 2714 1007 2761 καταρτί-

133 2782 203 2813 eorum,
217 2772 323 2806 reiieientes
339 2774 385 2806 retia
398 2782 438 2814 sua,
454 2776 472 2806 et
484 2775 558 2807 vocavit
580 2774 638 2813 ζοντας
647 2772 667 2807 τὰ
679 2773 735 2808 δίκτυα
749 2773 809 2820 αὐτῶν,
819 2773 847 2808 καὶ
856 2773 932 2808 ἐκάλεσεν
943 2773 1008 2813 αὐτούς·

133 2841 171 2866 eos.
184 2832 322 2865 titillantem
335 2833 399 2865 statim
407 2833 477 2865 relictis
487 2833 558 2866 retibus
581 2835 610 2869 22.
619 2832 634 2867 οἱ
649 2832 666 2867 δὲ
681 2831 739 2873 εὐθέως
754 2832 820 2879 ἀφέντες
833 2834 850 2867 τὸ
864 2832 924 2868 πλοῖον
939 2833 1008 2867 καὶτὸν

132 2894 151 2925 et
160 2893 212 2933 patre
222 2892 279 2924 sectili
290 2894 333 2924 sunt
342 2900 390 2925 eum.
579 2892 641 2938 πατέρα
650 2891 702 2926 αὐτῶν
713 2890 828 2936 ἠκολοίθησκν
837 2891 888 2937 αὐτῷ.

155 3006 176 3038 In
186 3014 204 3038 v.
218 3004 333 3037 sicininum
343 3004 364 3037 Τί
372 3006 398 3039 W
406 3006 421 3038 H
429 3006 477 3038 iesus
485 3015 527 3039 cum
537 3005 604 3043 NBG*
614 3007 649 3039 DZ
661 3008 678 3039 al
685 3007 697 3039 k
705 3016 734 3039 ain
742 3007 770 3040 ior
780 3017 813 3049 col)
824 3009 866 3042 aeth
878 3008 904 3041 Or
914 3008 951 3041 Eus
959 3008 1007 3047 Aug.
1035 3022 1036 3025 ¹

77 3105 78 3109 ¹
131 3066 209 3099 Ponitur
218 3064 281 3097 aulem
291 3064 310 3095 in
320 3063 382 3097 multis
392 3065 444 3097 codd.
456 3074 483 3106 gr.
496 3072 514 3098 ei
524 3066 543 3098 in
553 3066 590 3098 dub
601 3074 638 3098 mur
653 3074 684 3098 cai·
693 3065 730 3098 licb
741 3068 766 3099 mi
777 3067 814 3100 ken
823 3068 868 3101 rusb
879 3069 909 3101 val
918 3068 950 3101 wil
960 3065 1006 3099 harl-

558 3122 588 3153 210
