2239 3511
116 209 155 249 101
447 193 521 244 unica.
537 204 569 251 10,
586 204 656 243 acar.

114 302 196 363 phetae
205 304 232 347 de
240 316 310 360 regno
318 302 409 362 nllessiae
417 302 559 362 potissimum
572 301 689 354 vaticinati
696 301 744 345 siut.
752 300 839 360 (iace),
851 301 890 346 sed
900 305 925 346 ut
933 315 985 345 cum

115 375 202 418 venerit
210 373 268 417 hora
276 386 354 417 eorum
363 372 538 425 reminiscantur
547 374 616 432 (ioan.
631 372 692 433 ltili)
703 385 760 417 neve
768 371 813 417 illis
824 372 961 417 tumultibus
973 386 985 416 a

114 456 208 487 munere
226 444 407 500 absterreantur;
425 434 491 489 131
508 443 577 489 colite
595 443 704 488 arbr'trarr'
719 443 773 504 qra'a
787 456 868 503 peccem
886 442 985 486 verterim

113 514 201 559 mittere
212 515 236 558 c'a
246 523 344 572 terram·
353 530 399 559 aaa
408 515 460 560 oeci
468 514 549 575 pacem
560 515 647 560 arettae
657 514 697 559 sed
702 514 819 575 placitata,¹
828 514 852 558 id
862 514 908 558 iam
918 520 986 572 supra

113 600 135 630 v.
149 590 177 630 21
188 584 341 643 indicaveret3
354 605 364 627 r
376 586 405 634 ad
415 586 484 631 fidem
493 585 575 631 christi
584 590 643 632 totus
654 586 717 631 orbis
724 588 802 631 contra
812 599 834 630 se
847 585 932 631 divisus
942 585 983 638 est·

112 647 986 717 unaquaequedomusetiniidel'eshahuitetcredentesetproptereahellum

81 747 82 750 ¹
111 728 206 771 missum
222 731 255 772 est
267 728 364 784 bouum,
380 732 406 774 ut
420 733 565 789 rumperetur
582 744 627 789 pan
643 731 703 786 mala
715 747 727 771 a
747 728 780 788 (S.
801 727 881 787 Hiera).
898 726 986 771 Bellum

55 851 57 854 Ι
110 798 183 855 igitur
193 799 237 844 1100
246 802 321 844 ortum
335 804 368 845 est
381 815 406 845 ex
415 802 475 845 mala
484 801 605 845 hominum
616 802 732 846 voluntate
744 790 766 845 et
775 800 888 859 nequitia,
903 812 950 842 non
961 810 986 840 en

68 866 73 871 “’
113 870 194 915 Christi
204 873 318 930 proposito
329 871 362 930 (S.
376 872 473 931 caepae
485 872 571 916 malam
580 873 643 916 enim
650 886 731 931 pacem
740 875 763 916 et
772 871 918 917 concordiam
927 883 985 928 quae

112 941 227 984 eratintcr
236 936 307 986 malos
317 942 346 985 ad
359 943 419 986 mala
430 942 583 1001 perpetranda
594 929 696 987 abstulit,
709 945 735 986 ct
745 956 790 1001 qua
799 942 888 986 ratione
895 939 985 1000 pladr'us

111 1011 148 1054 vel
165 1011 252 1056 bellum
263 1026 292 1057 ex
307 1008 357 1057 eius
371 1012 470 1058 adventu
487 1004 646 1072 consequatur,
666 1012 758 1057 additur
773 1028 795 1057 v.
815 1017 843 1057 35
861 1012 914 1056 acal
926 1010 985 1054 caim

112 1095 217 1141 separare
230 1083 345 1128 homiaem
355 1084 460 1129 adversas
470 1091 560 1143 patrem
574 1076 654 1138 seram,
670 1085 688 1128 si
698 1084 745 1128 scil.
757 1086 823 1143 pater
832 1082 901 1127 fidem
912 1076 985 1126 suscess

46 1154 47 1157 ’
112 1149 182 1213 perit,
194 1153 254 1199 filius
262 1157 338 1200 autem
347 1154 444 1199 infidelis
456 1158 533 1200 manet
543 1158 565 1199 et
578 1169 629 1200 osor
641 1170 667 1200 ac
676 1157 807 1215 persecutor
819 1154 889 1214 patris
898 1153 983 1205 evadit;

113 1231 135 1267 ct
141 1224 216 1283 sileam
230 1226 336 1270 aduersas
345 1232 440 1270 ciatrem
448 1241 512 1271 ccccm
523 1233 544 1270 ct
553 1239 639 1271 acerem
654 1226 760 1271 adversae
769 1238 858 1270 cccrum
870 1239 948 1275 suam·
961 1224 985 1267 in

113 1296 197 1354 quibus
207 1296 314 1357 exemplis
320 1297 419 1342 iuniores
427 1301 504 1357 utpote
512 1300 575 1342 aestu
582 1297 820 1357 concupiscentiarum
826 1296 871 1341 acti
878 1295 985 1355 obsistere

113 1367 204 1410 veritati
213 1370 234 1410 et
243 1369 290 1412 eius
297 1360 395 1413 cultores
405 1369 511 1427 persequi
521 1362 665 1412 exhihentur.
677 1371 760 1412 Verum
768 1369 837 1412 etiam
846 1366 985 1412 contrarium

114 1437 215 1492 evenire,
228 1441 253 1481 ut
266 1443 372 1498 parentes
388 1433 495 1483 maneant
509 1439 624 1493 infideles,
640 1438 683 1483 filii
698 1439 810 1483 Christum
826 1438 982 1490 confiteantur,

113 1506 198 1551 dicitur
208 1509 233 1552 iu
244 1524 266 1553 v.
278 1506 314 1553 ei.
327 1512 358 1553 En
367 1509 429 1553 hisce
439 1512 514 1554 autem
531 1509 629 1553 dissidiis
642 1509 799 1569 illud‘quoque
812 1508 851 1552 fiet
864 1507 926 1568 quod
939 1507 985 1552 iam

113 1578 175 1637 apud
185 1579 307 1624 Michaeam
317 1580 400 1638 legitur
409 1584 447 1635 7,6
462 1595 467 1626 z
479 1596 500 1625 v.
520 1585 546 1624 36
558 1589 581 1624 et
592 1579 915 1625 1011010111011111110010111011ίοὶ
927 1580 983 1634 circs,

113 1650 153 1709 qui
162 1650 286 1695 familiares
293 1654 344 1695 sunt
356 1655 377 1695 et
386 1653 515 1710 ceteroquin
523 1652 591 1696 utiles
602 1651 699 1696 evadent
709 1653 864 1711 persecutores
873 1650 983 1694 fidelium.

112 1723 173 1765 Bene
183 1725 260 1766 monet
272 1723 296 1767 S.
314 1723 393 1782 Chrys
409 1723 428 1767 si
439 1724 496 1767 haec
508 1723 616 1785 cuiquam
632 1724 712 1780 gravia
725 1723 852 1777 videantur,
869 1724 894 1766 ut
903 1723 927 1765 iu
938 1736 985 1765 me-

112 1793 211 1837 moriam
229 1796 320 1837 revoeet
338 1796 438 1837 veterem
456 1795 586 1846 historiam3
605 1808 660 1838 nam
679 1795 712 1854 pii
727 1809 741 1838 a
757 1794 833 1848 malis,
851 1794 984 1852 praesertim

113 1863 239 1922 prophetae
254 1880 267 1907 a
284 1864 485 1923 pseudoprophetis
499 1865 571 1908 multa
585 1865 687 1923 perpessi
703 1857 755 1912 sam
765 1868 787 1908 et
798 1864 870 1908 altera
885 1866 984 1922 exparte

114 1936 228 1992 apostatae
238 1937 260 1977 et
269 1935 401 1979 idololatrae
414 1935 481 1978 etiam
492 1951 504 1979 a
513 1936 616 1991 cognatis
625 1936 700 1994 puniti
710 1938 762 1979 sunt
771 1935 817 1993 (Ex.
827 1935 905 1988 3227}
918 1936 983 1977 Num.

113 2009 173 2060 aaa.
186 2007 324 2058 000113,ος
337 2008 405 2064 eae).

142 2077 176 2120 Uti
186 2076 292 2120 affectum
302 2069 434 2135 parentum,
446 2078 478 2121 ita
486 2092 577 2137 quoque
586 2078 694 2121 affectum
704 2077 804 2120 filiorum
816 2090 871 2133 erga
880 2079 984 2135 parentes

114 2148 179 2191 docet
190 2161 230 2191 suo
242 2148 314 2190 amori
325 2148 516 2206 postponendunr;
526 2163 573 2208 per
584 2149 625 2193 hos
641 2151 717 2192 auteur
731 2147 786 2191 duos
800 2147 893 2191 aflectus
904 2150 984 2206 poten·
1023 2166 1029 2175 ³

114 2218 209 2264 tissimos
219 2208 333 2274 significat
343 2232 420 2262 omnes
432 2218 524 2262 affectus
537 2217 636 2263 hominis
648 2219 677 2263 ad
691 2219 794 2263 homines
804 2219 840 2262 vel
851 2232 885 2262 res
896 2218 985 2277 quasvis

113 2289 195 2333 dehere
208 2288 289 2333 cedere
303 2303 343 2333 suc
361 2290 433 2333 amori
449 2299 469 2333 v‘.
487 2295 514 2335 37
531 2291 572 2350 qai
586 2298 650 2334 certat
663 2297 810 2350 patrem-cat
824 2297 920 2334 enarrem
931 2291 985 2348 plcre

112 2374 183 2421 priam
196 2374 243 2416 nce,
260 2356 308 2404 raca
321 2368 353 2404 est
365 2375 400 2404 mc
415 2360 505 2420 (liparas,
521 2370 543 2405 ct
555 2362 596 2421 qui
611 2370 675 2406 circat
685 2361 762 2420 pilium
777 2369 818 2404 arri
828 2361 902 2419 filiam
918 2375 985 2419 stupra·

112 2442 159 2486 me,
174 2440 307 2484 rectractare
321 2432 413 2490 (lapaces,
429 2439 475 2475 n'on
486 2435 518 2476 est
530 2436 595 2491 aptus
605 2447 670 2476 meae
681 2431 824 2490 disciplinae,
839 2445 885 2474 11011
895 2434 927 2474 est
936 2432 985 2475 ido-

71 2534 73 2536 -
112 2517 168 2546 neus
179 2502 299 2558 euvangelio
312 2501 400 2560 (Lamp)
416 2505 437 2545 et
448 2503 542 2560 proinde
558 2517 604 2546 non
618 2506 652 2546 est
664 2501 746 2559 dignus
760 2502 800 2561 qui
815 2502 842 2545 sit
853 2502 920 2547 heres
933 2517 983 2547 cum

112 2572 200 2618 Christo
210 2574 234 2615 in
244 2586 316 2629 regno
323 2572 469 2617 beatitudiuis
476 2573 572 2633 ideoque
583 2587 659 2632 poena
669 2565 894 2631 damnisignificatur
904 2574 981 2634 (Cae).

111 2645 261 2701 llagnaenim
272 2644 332 2688 bona
343 2644 408 2688 affert
422 2645 531 2704 Christus,
546 2659 618 2704 quare
627 2658 736 2702 cragnani
750 2646 918 2705 quoqueenigit
932 2646 984 2689 0110-

111 2715 221 2760 dientiam
233 2718 254 2758 et
263 2715 380 2771 allectum,
390 2719 415 2759 ut
425 2717 455 2760 ait
464 2718 488 2762 S.
502 2717 592 2776 011190,
603 2717 643 2776 qui
650 2716 719 2761 simul
728 2716 785 2761 hene
793 2718 858 2761 notat
869 2731 873 2760 :
887 2734 897 2756 «
908 2716 983 2760 vidisti

111 2788 269 2838 auctoritatem
282 2786 393 2831 doctoris?
407 2788 482 2832 vidisti
496 2788 611 2848 quomodo
627 2787 731 2833 ostendat
744 2788 843 2846 seipsum
857 2787 981 2844 genuinum

111 2858 182 2900 Patris
192 2858 273 2901 Filium
283 2859 359 2903 omnia
372 2859 453 2904 iubens
462 2860 523 2904 inira
536 2861 667 2920 relinquere
682 2863 704 2904 et
716 2860 834 2904 caritatem
846 2872 911 2903 suam
922 2863 982 2904 ante-

110 2928 184 2970 ferre?
201 2931 222 2970 et
239 2930 295 2986 quid
314 2929 375 2985 dico,
393 2931 477 2990 inquit,
497 2933 581 2976 anticos
598 2935 621 2976 et
636 2928 758 2988 cognatos?
772 2929 790 2972 si
805 2931 906 2975 animam
918 2933 982 2975 tuam

111 2998 227 3042 dilectioni
238 3013 300 3043 meae
310 3002 434 3059 praeferas,
448 3004 527 3062 procul
540 3005 619 3047 ameis
634 3000 751 3058 discipulis
761 3016 783 3045 es
801 3021 821 3046 r.
840 3005 865 3046 uc
881 3003 982 3062 profecto

111 3071 150 3130 qui
159 3070 229 3114 talem
241 3070 284 3113 sihi
295 3072 396 3115 exhiberi
405 3073 548 3118 dilectionem
558 3074 632 3127 iubet,
645 3064 684 3115 ille
694 3085 744 3116 eam
754 3072 796 3118 sihi
804 3073 903 3134 postulat
915 3073 981 3118 dilec-

109 3141 195 3185 tionem
206 3156 264 3202 quae
279 3142 347 3185 asolo
357 3146 400 3186 Deo
409 3145 471 3201 *origi
481 3147 561 3204 potest.
575 3143 639 3188 Unde
651 3157 676 3187 co
689 3145 795 3189 mandato
806 3144 906 3189 Christus
923 3145 981 3190 divi-
