2211 3575
452 225 528 255 arram.
546 215 577 262 11,
594 214 612 254 t.
936 218 972 256 etl

91 315 124 349 wll
137 316 195 350 emere
206 316 319 352 certatura.
332 317 353 351 In
366 326 382 352 v.
393 319 403 352 2
413 317 442 352 Bru
453 319 473 353 Ti
481 319 506 354 W
516 319 534 353 H
545 328 585 353 cum
595 322 608 355 n
619 318 635 352 B
647 314 669 353 G*
679 318 693 352 D
705 318 719 351 Ρ
731 317 743 350 Ζ
754 313 766 348 Δ
777 315 805 350 33.
820 314 853 349 124
863 322 915 357 qsyr
926 312 970 357 (ute)

90 382 132 409 arm
142 384 165 417 gc
174 374 225 421 (item
234 377 260 411 ab
267 386 277 411 c
285 377 308 411 m
316 378 329 412 lc
336 378 365 413 sin
374 376 409 423 (cu)
420 380 458 413 lleh
467 377 569 424 dissipatos)
576 388 580 419 ;
588 377 616 411 ea
625 379 644 412 in
655 375 700 412 G³E
710 378 724 410 F
734 377 750 411 G
759 376 775 410 K
784 377 798 410 L
807 375 826 409 M
837 375 849 409 S
858 373 875 408 U
883 373 900 407 V
910 374 927 406 X
935 371 946 405 Γ
955 367 969 404 Π
1004 416 1009 422 ¹

89 434 109 468 al
115 434 153 478 pler
159 433 180 469 ill
188 434 210 479 g¹
218 445 244 480 ug
251 446 284 481 cop
291 439 335 472 aeth
344 439 370 481 Or
376 438 446 474 Chral.
456 440 477 473 In
484 448 501 473 v.
510 439 520 472 3
529 439 571 481 post
579 439 615 471 eit:
625 437 732 470 itinerantes
741 437 792 469 dieite
800 435 838 472 duh
846 434 889 468 rush
894 443 899 475 J
909 437 970 466 euntes

89 494 143 530 dieite
153 495 182 529 aa
191 504 225 540 eg3
237 496 258 530 Iu
267 506 284 531 v.
296 497 305 531 l
316 507 352 532 cuv
360 488 404 533 rush
415 490 492 532 audistis
502 503 519 531 es
529 498 593 531 uidetis
603 497 626 530 In
635 505 654 530 v.
666 496 681 530 6.
691 491 723 529 'sin
733 504 763 528 om
773 503 865 538 pauperes
875 502 942 536 evang,

85 610 89 617 ·
121 595 151 636 Er
160 596 181 638 S.
193 596 254 639 Luca
267 597 305 655 qui
319 612 347 641 er
356 597 436 641 ordine
449 591 550 656 (καθεξῆς)
565 612 587 642 se
598 598 657 642 velle
667 596 766 641 scrihere
776 595 895 656 profitetur
906 608 965 637 ccm-

88 664 189 722 perimus
202 665 282 714 missos
293 683 341 712 esse
354 667 466 728 apostolos
478 668 506 712 ad
519 669 696 728 praedicandum
715 668 793 728 aliquo
809 671 913 726 tempore
929 665 935 723 t
950 664 964 707 i.

90 736 164 795 {td-6)
176 741 228 795 post
240 739 376 796 legationem
386 740 476 783 Ioannis
488 738 626 799 (7‚18seq.).
644 741 715 796 Igitur
728 740 862 793 Matthaeus,
875 740 901 781 ut
912 736 967 780 alibi

89 806 167 851 italiic
182 824 274 868 apioque
289 810 396 869 temporis
406 810 486 854 ordine
497 811 669 870 praetermisso,
682 824 728 854 nen
742 809 860 854 adrerum
874 808 935 851 inter
945 822 966 851 se

90 878 260 923 succedentium
270 881 351 924 seriem
361 895 401 925 nes
415 882 532 927 attendere
543 882 600 937 vult,
613 882 652 926 sed
664 880 760 940 idquod
776 881 799 923 in
814 878 967 923 antecedenti-

89 947 134 992 bus
148 949 244 994 instituit
258 951 338 997 docere
354 953 470 1013 praeclaro
484 954 573 998 Ioannis
592 953 719 998 testimonie
731 955 752 997 et
768 966 855 1009 magna
868 951 916 994 eius
930 964 967 992 au·
1033 951 1035 954 ’

90 1020 190 1065 ctoritate
212 1022 339 1087 confirmat.
360 1025 472 1076 Electione
488 1028 564 1070 autem
579 1024 745 1085 apostolorum,
765 1038 844 1068 ecrrim
866 1021 894 1066 ad
912 1034 966 1080 opus

90 1091 235 1137 subeundum
250 1088 376 1139 eruditione
392 1099 460 1155 atque
477 1097 583 1140 missione
595 1100 655 1140 lesus
671 1096 746 1155 coepit
757 1109 803 1148 sese
822 1093 965 1138 manifestare

91 1162 234 1207 conditorem
247 1166 311 1222 regni
322 1159 436 1219 messiani,
448 1167 476 1210 ad
486 1182 556 1224 quem
565 1167 642 1225 itaque
652 1166 860 1223 relicta-synagoga
870 1168 891 1207 et
902 1163 966 1207 relio-

89 1233 119 1275 tis
132 1247 261 1292 synagogae
275 1235 371 1301 ducibus
385 1252 409 1281 ac
420 1236 563 1296 principibus
573 1252 651 1281 omnes
666 1237 760 1280 transire
771 1238 879 1295 oporteat.
895 1238 967 1286 Quare
1001 1253 1009 1260 ·-

90 1305 183 1348 omnino
194 1305 279 1350 adrem
286 1307 331 1351 hoo
343 1308 391 1351 loco
398 1309 504 1360 inseritur
515 1308 626 1352 sollenme
635 1307 692 1351 illud
702 1311 724 1351 et
736 1307 842 1351 ultimum
858 1306 967 1349 monitum

90 1375 293 1434 aodocnmentum
307 1378 371 1437 quod
388 1382 481 1423 loannes
498 1382 621 1438 antequam
638 1380 683 1422 vita
698 1379 811 1435 iungatur
830 1377 913 1436 populo
930 1391 968 1420 suc

90 1446 170 1502 tradit,
181 1447 236 1491 dum
249 1452 322 1492 lesum
332 1449 414 1493 iterum
423 1450 546 1509 profitetur
556 1440 656 1494 Messian]
665 1452 692 1493 'et
706 1451 765 1493 hanc
777 1463 842 1493 snam
851 1448 904 1491 fidei
915 1463 968 1507 pro-

90 1518 211 1562 fessionem
230 1518 297 1563 modo
313 1520 394 1564 eximio
411 1523 437 1564 ut
454 1524 512 1565 lesus
531 1521 622 1580 publice
644 1520 763 1564 confirmet
783 1524 803 1563 et
826 1519 967 1563 commendet

90 1589 204 1646 legatione
215 1590 287 1634 missa
297 1590 374 1635 efficit.
390 1591 585 1643 Quemadmodum
596 1593 674 1650 itaque
688 1595 749 1635 Iesus
759 1592 781 1634 in
799 1591 902 1634 doctrina
912 1605 965 1649 pre-

90 1661 164 1719 posita
173 1675 223 1719 cap.
242 1665 285 1716 5-7,
304 1661 358 1710 dein
371 1662 396 1706 in
406 1663 570 1707 miraculorum
585 1663 659 1706 omnis
673 1662 764 1719 generis
778 1662 906 1721 patratione
916 1676 964 1720 cap.
988 1719 990 1721 ι

90 1736 114 1776 8.
130 1736 142 1775 9
158 1734 275 1790 tamquam
293 1733 382 1789 legatus
400 1733 534 1777 divirmsa'c
548 1735 633 1778 Messias
647 1736 679 1777 est
691 1737 800 1787 ostensus,
819 1732 851 1775 ita
866 1746 927 1775 nunc
943 1732 966 1775 in

91 1802 158 1859 regni
171 1803 205 1846 sui
216 1803 356 1847 institutione
372 1805 441 1848 etiam
458 1805 554 1848 clariore
565 1804 632 1848 mode
648 1807 672 1848 ut
687 1803 889 1862 tartsjaeelaratur,
900 1803 934 1846 ita
944 1805 967 1845 nt

91 1873 179 1932 Iudaeis
188 1875 206 1917 si
216 1874 306 1918 credere
316 1875 431 1918 noluerint
440 1875 485 1919 iam
498 1867 563 1920 nulla
573 1875 716 1934 relinquatur
727 1875 847 1918 excusatio.

122 1948 144 1987 ln
154 1960 174 1989 v.
186 1950 196 1988 1
206 1946 314 1990 transitus
330 1946 356 1989 fit
371 1946 398 1989 ab
414 1946 718 2005 institatieneapostolcrum
731 1946 760 1989 ad
770 1948 901 2004 sequentem
918 1960 968 1988 nar-

90 2017 203 2060 rationem
223 2030 228 2059 :
245 2018 363 2075 etfactam
379 2025 421 2072 est,
436 2018 505 2062 hahes
521 2018 629 2061 usitatum
645 2017 700 2061 illud
713 2026 755 2060 'nrt
768 2017 790 2059 in
807 2016 871 2059 libris
885 2016 967 2059 veteris

89 2087 231 2140 testamenti,
246 2102 295 2130 eane
309 2096 484 2131 oensemmeasset
499 2089 562 2132 lesus
575 2088 721 2147 praecipiens
736 2087 854 2131 daeodeee'm
870 2082 967 2146 (leseipa-

91 2158 119 2201 les
134 2159 178 2201 seee's
190 2156 227 2198 ὅτε
240 2156 329 2207 ἐτέλεσεν
343 2148 468 2211 diuiduntur,
482 2160 618 2203 constructio
634 2163 666 2202 est
683 2159 748 2202 hene
759 2173 843 2215 graeca
860 2173 884 2201 eo
899 2158 967 2202 niodo

90 2245 137 2288 quo
151 2229 221 2273 verba
237 2227 346 2289 antestat,
361 2224 469 2288 ἄρχεσθαι,
486 2229 583 2288 ἐπιμένειν
600 2230 690 2288 aliaque
705 2229 827 2288 participio
841 2228 967 2286 iunguntur

90 2300 128 2360 (cf.
144 2300 220 2344 We'acr
230 2300 246 2344 l.
256 2315 274 2344 c.
287 2301 383 2360 §l15,t);
400 2303 432 2344 est
448 2301 518 2358 igitur
530 2289 642 2344 in'latinc
659 2314 749 2358 quoqne
765 2300 912 2358 participium
926 2315 966 2358 pro

88 2371 200 2415 infinitivo
218 2386 244 2414 ex
260 2385 343 2428 graeco
360 2371 475 2425 idiomate,
491 2374 514 2415 ut
530 2371 601 2415 drale.
616 2370 683 2422 dicit;
695 2371 768 2414 Latini
777 2370 899 2414 dixissent:
914 2385 965 2413 cum

54 2461 57 2470 ·
88 2430 245 2502 praecipiendi
257 2441 326 2486 finem
337 2442 430 2487 fecisset.
445 2444 498 2486 Cum
509 2442 597 2486 dicatur
610 2441 754 2502 praecipiens
764 2444 878 2501 quaerunt
893 2440 966 2485 sintne

89 2515 167 2558 omnia
179 2529 235 2573 capr
251 2518 276 2558 10
291 2529 351 2574 quae
366 2516 669 2576 proponanturpraecepta.
683 2512 811 2572 Respondet
825 2512 875 2557 Alo.
886 2513 966 2557 distin-

88 2599 161 2643 guens
172 2587 319 2644 praeceptum
327 2591 329 2594 '
338 2586 443 2642 magistri
456 2588 477 2637 et
489 2585 636 2643 legislatoris3
648 2588 793 2644 praeceptum
806 2584 910 2641 nragistri
921 2599 966 2628 esse

87 2659 114 2700 ut
123 2656 225 2713 regulam
236 2656 307 2715 operis
316 2656 378 2715 quod
386 2656 537 2702 exercendum
546 2657 585 2711 sit,
597 2656 690 2700 sednon
699 2655 802 2711 obligare
812 2656 855 2698 nisi
865 2670 889 2698 eo
899 2656 966 2698 modo

88 2742 135 2787 quo
143 2742 177 2772 ars
184 2727 277 2784 obliget.
285 2726 362 2771 Melius
369 2729 447 2771 monet
454 2728 524 2771 Male.
535 2728 630 2771 verbum
639 2720 756 2772 iterassem
764 2725 890 2782 generatim
897 2725 967 2782 signi-

86 2799 156 2842 ficare
171 2799 286 2853 ordinare,
298 2797 429 2857 disponere;
439 2800 506 2857 atque
520 2813 599 2841 revera
610 2797 668 2840 dicit
682 2809 786 2840 normam
793 2795 896 2855 aliquam
909 2811 967 2856 quae
1014 2838 1016 2841 .

90 2870 318 2931 constituaturpdicit
329 2869 474 2923 constituere,
487 2868 609 2927 deputare,
623 2881 763 2927 quamquam
775 2866 802 2911 de
812 2882 867 2911 vero
877 2883 968 2927 quoque

89 2943 222 3001 praecepto,
234 2956 256 2985 v.
267 2957 290 2998 g.
300 2940 409 2985 militibus
423 2940 530 3000 imposito
547 2942 671 3000 usurpatur
688 2939 889 3000 (dct.23,31)-vel
903 2954 967 2983 servo
994 2932 996 2935 ’

93 3012 153 3070 (Luc.
168 3015 229 3066 17,9..
249 3011 290 3070 10).
305 3015 412 3057 Normam
430 3012 500 3072 igitur
516 3014 577 3055 Iesus
592 3012 701 3071 proponit
714 3000 784 3071 quam
802 3013 928 3071 sequantur
943 3016 966 3053 nt

91 3085 172 3128 cuncta
180 3081 260 3127 ordine
270 3081 327 3126 liant
337 3084 423 3128 athene
435 3084 464 3128 ad
477 3085 575 3127 mentem
586 3083 634 3127 eius
645 3085 794 3143 peragantur.
807 3085 863 3127 Cum
878 3082 965 3126 dicatur

92 3154 179 3198 transiit
195 3152 260 3206 eade,
274 3158 412 3198 rememorat
426 3156 565 3212 evangelista
582 3155 647 3198 illum
665 3156 741 3198 locum
757 3156 779 3197 in
799 3169 844 3213 sparo
860 3152 964 3196 Dominus
