2239 3511
157 167 196 206 iii
470 158 471 161 ’
516 160 682 213 uarrnnltii.
777 174 780 180 ·

156 257 212 304 dicit
221 260 301 314 induci
310 263 338 306 ab
348 264 487 321 evangelista
497 266 592 322 propter
601 262 645 306 tria
654 266 693 308 :ut
703 265 835 309 ostendatur
845 256 907 309 vetus
916 267 1034 309 testamen-

155 332 204 374 tum
214 346 260 375 esse
272 333 299 376 de
311 333 409 387 Christo,
418 337 444 378 ut
453 333 542 378 facilius
551 333 638 377 Christo
647 334 748 390 credant,
760 339 784 379 ut
794 334 943 386 conformitas
952 336 1034 380 utrius-

93 424 94 427 =
155 415 198 459 que
212 403 340 448 testamenti
356 408 440 462 pateat.
455 405 543 449 Pariter
557 404 662 449 observat
676 404 748 451 Salar.
767 419 776 448 .·
792 424 802 446 o
817 406 881 452 iniis
896 421 954 466 quae
968 421 1034 466 prae·
1102 462 1103 465 Ἰ

89 493 99 534 s
153 472 272 531 nuntiatur
281 478 307 523 ,ut
320 491 334 520 a
342 479 387 520 Deo
398 478 482 521 statuta
492 478 515 520 et
529 476 691 535 praeordinata
703 478 729 520 ut
739 479 800 520 certo
814 477 885 530 modo
899 478 963 534 fiant,
973 481 1032 539 reete

101 587 103 591 ,
121 591 126 598 ‚
152 542 261 590 dicuntur
269 545 321 590 ideo
331 547 391 592 facta
402 538 451 594 esse
458 550 483 591 ut
490 546 627 606 impleretur
635 548 696 608 quod
705 546 848 607 praedictum
858 551 913 604 crat,
923 549 947 605 id
958 552 998 604 est,
1008 553 1033 594 ut

152 614 271 675 dispositio
281 610 320 662 liei
334 618 490 676 etoonsilium
505 634 570 664 suum
586 620 705 664 sortiretur
716 619 831 675 effectum3
848 634 874 663 ao
887 619 983 679 proinde
993 619 1032 664 iiia

152 687 282 733 coniunctio
299 697 326 733 at
340 691 433 750 proprie
452 691 537 736 dicitur
551 706 593 751 per
610 691 706 736 modum
725 682 805 736 causae
824 690 871 735 sive
886 690 1030 745 efficientiae,

154 759 343 819 quandoquidem
355 762 379 806 in
389 762 427 808 his
440 763 579 820 intelligitur
588 777 635 825 non
647 763 721 807 solum
732 762 771 817 Dei
780 761 901 823 praevisio,
913 761 953 807 sed
964 761 1031 806 etiam

150 830 289 889 provisio'ut
298 833 430 890 sioeveniat
441 851 452 876 >›
466 833 580 894 (similiter
590 836 643 878 Bar.
655 837 733 878 contra
742 833 907 879 Titelmannum
919 837 940 878 et
953 832 1028 892 lost).

151 903 208 945 Sunt
222 902 294 966 enim,
311 906 336 947 ut
350 905 416 948 Patr.
434 908 518 959 monet,
535 905 670 964 prophetiae
686 896 799 964 quaedam
815 904 856 949 Dei
871 905 1042 964 promissiones
1109 905 1112 909 ’

134 993 136 995 >
152 972 236 1031 quihus
253 973 351 1033 spondet
367 990 390 1019 se
407 975 496 1034 aliquid
508 978 689 1035 praestaturum,
706 990 749 1020 nec
764 990 829 1020 secus
842 975 926 1038 sentire
941 978 1030 1034 oportet

150 1042 178 1086 de
194 1047 254 1103 typis
268 1045 351 1105 quihus
368 1049 426 1091 Deus
442 1047 521 1091 futura
538 1046 684 1105 designabat3
696 1047 799 1106 *proinde
815 1046 872 1091 sicut
888 1045 928 1105 qui
941 1045 1034 1104 aliquid

149 1115 261 1174 promisit,
275 1117 334 1161 iilud
347 1121 451 1176 praestat
464 1118 533 1162 etiam
547 1121 572 1162 ut
584 1119 721 1178 promissum
732 1118 836 1177 impleat,
849 1117 882 1167 ita
895 1132 952 1177 quae
963 1131 1029 1177 prae·
1052 1119 1053 1124 ’

148 1186 211 1231 dicta
219 1187 311 1232 fuerant
323 1190 432 1243 eveniunt
444 1189 533 1234 ideo-'ut
546 1189 638 1234 oracula
647 1189 796 1249 impleantur.
807 1178 882 1248 Atque
893 1187 974 1233 merito
980 1188 1029 1232 iam

149 1260 240 1318 Hagnae
252 1274 278 1303 ex
288 1275 314 1303 eo
324 1261 400 1316 arguit
411 1261 473 1320 quod
483 1259 527 1305 sihi
536 1259 677 1318 evangelista
686 1261 805 1321 proposuit
816 1273 821 1305 :
835 1277 845 1302 a
860 1258 949 1320 scripsit
958 1264 1038 1304 evan-v

147 1329 234 1386 gelium
245 1345 326 1375 eorum
338 1332 436 1376 maxime
446 1347 514 1377 eausa
525 1332 565 1391 qui
573 1331 600 1376 ex
611 1332 700 1376 ludaeis
709 1331 860 1376 credebant...
873 1334 896 1375 et
907 1333 1029 1391 propterea

149 1403 269 1458 satagebat
288 1417 325 1446 eos
340 1403 368 1446 ad
387 1403 528 1461 spiritualem
545 1403 602 1460 legis
618 1417 708 1447 sensum
726 1402 826 1460 erigere,
843 1404 955 1461 qiiatenus
973 1401 1027 1445 fidei

147 1471 287 1516 christianae
301 1476 445 1517 sacramenta
454 1476 518 1518 tanto
534 1470 634 1518 securius
649 1473 795 1533 perciperent
811 1476 896 1533 quanto
909 1472 966 1517 haec
980 1487 1027 1516 non

147 1542 191 1587 alia
204 1543 332 1603 essequam
347 1559 406 1603 quae
420 1545 548 1605 prophetae
563 1545 725 1605 praedixerant
738 1546 901 1601 cognoscerent
915 1562 935 1588 a.
952 1547 1024 1595 Quare

144 1613 255 1659 audiendi
262 1630 307 1659 non
317 1611 370 1660 sunt
377 1616 417 1675 qui
427 1616 565 1675 quandoque
575 1616 687 1661 obiiciunt
699 1631 704 1660 :
716 1630 763 1660 non
772 1616 826 1675 quia
835 1614 953 1675 praedicta
964 1619 1024 1671 sunt,

144 1687 273 1739 factasunt,
288 1687 328 1731 sed
341 1688 417 1746 potius
428 1689 482 1746 quia
494 1688 588 1732 omnino
600 1689 679 1733 futura
693 1690 766 1742 crant,
779 1687 831 1731 ideo
845 1691 902 1730 licus
912 1686 1026 1745 praedixit
1076 1704 1078 1707 ’

145 1757 182 1816 (cl.
197 1758 221 1802 S.
241 1757 320 1817 Chrys.
336 1759 399 1802 hom.
414 1763 470 1813 ’273
486 1752 537 1803 ini
549 1762 613 1814 Gor.;
630 1758 727 1817 theoph.
745 1759 769 1807 in
785 1758 1023 1811 hlatth.13‚35;Tost.

142 1827 209 1871 Dion.
231 1827 337 1880 Isaciaoet,
356 1824 493 1889 Berdepscd).
513 1821 594 1873 Verum
610 1829 691 1873 melius
707 1827 874 1887 rem'conoepit
890 1825 969 1873 auctor
985 1842 1029 1886 op.-

87 1933 90 1937 ,
143 1895 198 1958 imp.
218 1913 222 1944 :
241 1917 251 1940 n
266 1901 341 1956 gratia
359 1901 505 1960 aprophetis
516 1901 673 1945 testimonium
686 1900 757 1944 hahet
772 1900 808 1944 vel
818 1899 870 1944 ideo
883 1901 909 1943 ut
923 1901 987 1943 vetus
1002 1902 1024 1942 et

141 1985 227 2015 novum
236 1974 344 2016 consonet
353 1973 514 2016 testamentum
524 1973 561 2016 vcl
572 1977 596 2017 ut
606 1972 734 2016 infirmitati
744 1971 888 2016 cruditorum
899 1968 1024 2015 satisfaciat

141 2041 178 2085 vel
189 2045 271 2086 utnon
283 2057 335 2086 mox
346 2046 432 2087 temere
445 2043 562 2094 videretur
572 2057 693 2102 erumpere
704 2043 766 2101 quod
780 2046 842 2087 tanto
853 2044 905 2086 ante
919 2044 1023 2100 tempore

141 2112 286 2171 praedictum
300 2117 333 2157 est
344 2132 364 2158 n.
890 2132 892 2136 ¹

171 2186 251 2228 Veram
267 2184 422 2243 inspirationis
435 2186 555 2230 notionem
566 2186 632 2230 nobis
647 2185 751 2243 suggerit
767 2184 907 2242 evangelista
924 2183 1000 2228 dicens
1015 2198 1020 2227 z

140 2255 204 2313 qaod
213 2254 299 2299 dictam
312 2264 344 2300 cst
354 2272 368 2300 a
381 2257 479 2302 Domino
492 2273 533 2316 per·
542 2258 693 2316 prophetalia*
704 2257 736 2300 ita
750 2257 835 2315 quippe
846 2258 903 2305 Deus
918 2270 960 2314 per
970 2260 1022 2298 auc-

139 2330 211 2370 torem
222 2327 359 2386 inspiratum
370 2329 400 2372 ad
409 2342 450 2373 nos
462 2329 575 2387 loquitur,
589 2333 614 2373 ut
624 2342 782 2387 quaecumque
793 2329 872 2370 auctor
882 2325 948 2369 nohis
961 2325 1022 2370 dieat

139 2397 219 2441 eaden]
233 2402 300 2443 allec
316 2414 357 2457 per
370 2400 446 2458 ipsum
455 2399 523 2444 nohis
536 2400 649 2443 dicantur.
662 2393 772 2443 Vaticinio
785 2410 874 2441 summa
887 2395 1021 2440 conciliatur

89 2472 90 2475 ’
139 2469 269 2522 auctoritas,
282 2483 333 2512 cum
347 2469 395 2527 ipse
411 2474 469 2514 Deus
486 2471 534 2514 cius
548 2472 644 2515 nuntius
658 2472 679 2514 et
689 2484 772 2529 praeco
783 2468 882 2522 dicatum
897 2466 1030 2527 depromp-··

137 2542 187 2584 tum
205 2543 280 2583 estex
298 2543 325 2586 ls.
343 2544 408 2596 7‚1t;
430 2559 440 2582 «
460 2542 504 2585 hoc
520 2543 596 2602 ipsum
619 2540 680 2600 quod
699 2540 754 2585 dicit
772 2554 821 2585 ecce
836 2538 1019 2585 admirantis‘est

136 2611 195 2655 tanti
208 2611 311 2670 mysterii
326 2612 518 2670 magnitudinem,
536 2616 561 2657 ut
577 2627 655 2657 omnes
668 2612 729 2657 velut
742 2627 768 2656 ex
781 2626 860 2656 somno
874 2610 976 2655 suscitati
989 2612 1019 2656 ad

136 2682 180 2725 hac
192 2682 278 2726 dictum
296 2684 405 2741 evigilent
423 2702 433 2726 s
451 2683 535 2744 (aaa).
548 2688 606 2729 Haec
620 2683 742 2743 prophetia
752 2683 837 2727 directe
852 2685 873 2725 et
886 2682 1018 2726 immediate
1045 2712 1047 2717 ·

137 2756 170 2796 est
180 2752 292 2797 niessiana
301 2768 376 2814 neque
386 2754 433 2799 ullo
441 2759 506 2814 pacto
516 2747 606 2799 admitti
614 2758 689 2814 potest
697 2769 750 2799 cum
757 2756 838 2812 Lamp,
847 2751 946 2811 Schmq,
957 2751 1018 2797 Fial

157 2916 171 2945 1.
182 2913 217 2945 Non
230 2922 301 2955 possum
318 2924 352 2948 non
362 2915 422 2947 mirari
431 2915 478 2957 quod
488 2916 558 2949 Fillimt
570 2917 588 2949 in
596 2918 687 2950 comment.
697 2916 757 2949 niatih.
770 2924 787 2957 p.
797 2917 817 2946 ic
828 2913 886 2947 scribit
897 2925 900 2946 :
913 2914 949 2947 ula
956 2914 1017 2956 signifi-

133 2965 191 2999 cation
199 2966 271 3007 typique
281 2967 344 3000 semble
353 2968 451 3001 re'eilemcnt
461 2968 501 3010 plus
510 2969 594 3003 naturelle
603 2969 662 3011 quand
672 2979 694 3002 on
703 2969 725 3001 iit
734 2969 750 3001 le
758 2967 834 3010 chapitle
845 2972 854 3002 7
864 2967 944 3002 dissic...
955 2968 967 3001 il
975 2968 1017 3001 n'esi
1037 2999 1039 3005 ,

133 3028 164 3063 pas
175 3017 225 3052 facilc
235 3019 256 3052 dc
268 3018 310 3052 faire
322 3029 352 3053 son
363 3020 413 3054 choix
426 3023 474 3055 entra
484 3031 511 3055 ces
522 3022 567 3056 deux
577 3022 677 3056 sentimenta
684 3035 694 3051 o
703 3021 720 3063 (i.
732 3031 746 3055 e.
756 3023 814 3054 utrum
824 3022 846 3055 sii
856 3021 921 3055 directe
931 3031 952 3054 an
961 3021 1016 3055 solum

132 3073 207 3106 mediate
226 3072 332 3114 messianum
342 3074 443 3117 oraculum).
458 3075 503 3108 idem
512 3075 557 3108 enim
569 3076 662 3118 scripserat
670 3077 718 3108 antec
728 3076 813 3118 praeclare
827 3077 848 3109 de
864 3077 885 3109 Is.
899 3077 936 3116 7,14
946 3087 950 3107 .·
959 3076 1016 3109 assais

133 3127 225 3169 d'entgtse,
238 3128 284 3159 1884
299 3136 316 3168 p.
330 3129 363 3159 1-99
379 3130 395 3160 et
405 3127 465 3169 probat
479 3128 580 3161 Emmanuel
593 3129 628 3161 non
641 3137 690 3171 posse
700 3128 751 3162 alium
765 3139 803 3174 csse
815 3131 848 3165 nisi
863 3132 920 3164 iesum
931 3129 1016 3163 Christum
