2239 3511
164 226 203 265 ila
516 233 591 263 urarru.
609 224 641 272 lu,
658 225 689 264 10.

162 336 237 376 parens
252 322 391 363 contradictio
404 321 502 374 explicari
514 322 589 374 possit.
600 324 629 362 De
642 334 666 363 ea
679 323 721 363 iam
735 323 831 375 pluribus
841 313 888 376 agit
902 324 923 365 S.
937 325 990 379 Aap.
1009 325 1043 380 (de

163 399 217 429 cons.
229 399 301 439 evang.
313 389 325 427 h
335 399 357 427 n.
367 386 449 440 71-7t);
461 388 541 429 nodum
551 388 614 428 solvit
623 387 659 436 ita,
669 391 693 428 ut
702 388 762 441 uirga
771 388 828 441 apud
839 389 911 429 Matth.
923 401 986 431 sensu
996 402 1043 444 pro-

161 453 207 505 prio
218 452 355 505 intelligatur,
367 464 433 494 sensu
443 456 513 494 autem
524 450 672 506 metaphorica
682 454 744 506 apud
751 455 853 504 Marcum3
865 454 896 494 ibi
905 454 963 495 enim
973 456 1043 508 sequi-

160 520 208 560 tur:
220 518 296 571 dignus
304 521 335 559 est
345 519 403 559 enim
413 519 523 571 operarius
530 520 578 559 cibo
589 531 639 569 suo,
649 534 658 557 a
668 519 725 560 unde
735 520 785 560 satis
795 520 889 560 ostendit
896 531 934 560 cur
944 509 980 575 eos
990 520 1043 561 haec
1075 509 1077 514 ’

160 584 271 635 possidere
287 596 310 625 ac
325 585 380 626 ferre
393 585 499 635 noluerit;
513 596 556 625 non
571 585 629 637 quod
643 575 765 627 necessaria
780 585 881 641 nonsint
893 581 1042 627 sustentationi

160 649 222 699 vitae,
235 650 272 690 sed
283 651 334 702 quia
348 643 378 692 sic
391 661 426 692 eos
439 651 546 703 mittebat,
559 654 582 691 ut
593 650 623 692 eis
636 651 689 692 haee
703 651 776 693 deberi
791 648 948 692 demonstraret
959 652 984 692 ab
999 650 1042 691 illis

161 715 212 766 ipsis
224 716 302 768 quibus
313 716 447 769 evangelium
455 717 593 759 credentibus
601 718 752 758 annuntiarent
762 717 872 769 tamquam
885 716 992 769 stipendia
1000 717 1041 756 mi-

159 780 281 832 litantibus,
297 784 407 834 tamquam
424 783 515 824 fructum
531 784 606 824 vineae
621 784 783 835 plantatoribus,
794 784 908 840 tanlquam
923 783 956 823 iac
971 775 1041 835 gregis

161 847 282 898 pastoribus
296 859 317 896 »;
331 850 378 888 turn
393 848 500 889 concludit
512 849 567 888 bauo
580 850 709 901 potestatem
723 860 766 900 qua
780 860 792 889 a
806 848 905 889 fidelibus
921 847 1051 888 necessaria.

161 911 201 958 sibi
211 913 318 963 postulare
329 911 412 964 possint
420 912 491 954 uocari
502 924 513 952 a
524 913 599 959 Marco
606 911 690 966 cirperu.
702 914 781 954 Verum
791 913 839 953 talis
849 913 975 964 metaphora
987 902 1041 952 etin

160 988 182 1017 se
193 977 254 1029 plane
265 976 367 1017 inusitata
377 980 408 1018 est
417 980 438 1018 et
449 977 489 1018 hoc
499 972 547 1018 loco
557 977 652 1019 oratione
664 979 762 1019 contexta
773 978 860 1018 omnino
871 977 997 1018 excluditur.
1009 977 1040 1016 ad

160 1053 205 1082 rem
218 1040 282 1083 riola.
296 1055 302 1082 :
314 1059 324 1080 u
335 1054 373 1095 ego
388 1042 459 1083 animo
470 1043 652 1096 comprehendere
666 1054 710 1084 non
722 1054 811 1096 possum
824 1043 915 1083 voluisse
932 1042 1040 1083 Christum

159 1108 214 1147 inter
227 1120 311 1156 aurum,
324 1110 443 1160 argentum,
453 1103 575 1162 pecuniam,
586 1120 656 1160 zonas,
668 1109 757 1156 calceos,
769 1120 843 1161 peram
857 1108 943 1161 proprie
955 1110 1041 1160 sumpta

160 1174 226 1213 solam
236 1185 315 1225 ponere
328 1174 408 1226 virgam
418 1174 575 1227 metaphorioe;
588 1174 657 1228 perire
669 1174 728 1215 enim
742 1174 796 1214 mihi
809 1186 850 1214 non
866 1174 936 1214 solum
950 1173 982 1213 vis
996 1174 1039 1213 ele-

158 1238 405 1291 gantiaquesententiae,
416 1239 453 1280 sed
464 1228 629 1292 sententiaipsa
637 1239 727 1289 uidetur,
737 1239 778 1279 nisi
788 1239 845 1291 apud
853 1242 968 1291 utrumque
978 1234 1041 1278 evan

160 1305 257 1356 gelistam
266 1304 351 1357 proprie
359 1307 380 1345 et
390 1305 540 1346 eodemmodo
548 1305 606 1358 uirga
616 1308 712 1346 sumatur
722 1320 742 1345 a.
752 1304 794 1345 Alii
801 1304 915 1357 opinantur
925 1307 1040 1356 utrumque

110 1394 112 1398 ν
159 1381 171 1409 a
181 1370 262 1410 Christo
274 1370 361 1418 dictum,
374 1370 410 1410 sed
421 1370 506 1411 diverso
516 1363 613 1423 tempere
621 1369 655 1424 (ci.
670 1368 733 1411 Euat.
743 1368 798 1424 aa).
809 1370 849 1410 Alii
860 1370 994 1422 distinguunt
1004 1370 1040 1409 ba·

98 1454 100 1457 ⁴
159 1435 230 1475 culum
241 1446 283 1487 quo
298 1435 345 1486 quis
358 1433 426 1475 utitur
436 1435 458 1475 iu
470 1435 546 1476 itinere
557 1437 581 1476 ut
591 1447 613 1476 se
623 1434 697 1476 fulciat
708 1438 728 1476 et
738 1435 846 1484 baculum,
858 1437 915 1475 ut'se
930 1434 1038 1483 deiendat3

160 1500 216 1540 huno
230 1500 287 1552 apud
302 1499 430 1540 blatthaeum
446 1500 553 1549 interdici,
570 1500 633 1541 illum
645 1500 702 1552 apud
718 1501 810 1541 Marcum
826 1499 913 1540 concedi
928 1500 962 1553 (oi.
980 1498 1037 1539 Iona,

160 1561 229 1618 Bar.);
240 1577 295 1617 quae
304 1565 369 1605 nimis
377 1565 483 1606 subtiliter
490 1565 609 1618 excogitata
619 1560 675 1606 sunt.
684 1564 725 1606 Alii
732 1577 797 1619 aeque
804 1565 884 1619 alapam
891 1564 1039 1606 eodemmodo

89 1662 91 1666 ⁴
158 1630 265 1682 accipiunt
278 1642 321 1682 quo
333 1638 398 1685 aaqare
412 1628 551 1671 eulaearrrcata
564 1631 631 1683 aliqui
645 1631 752 1683 explicant
763 1631 777 1671 i.
793 1641 812 1671 e.
826 1641 852 1670 ne
862 1632 946 1683 praeter
958 1630 1038 1681 virgam

158 1707 221 1747 quam
232 1696 322 1749 quisque
335 1696 359 1735 in
368 1696 444 1737 itinere
458 1708 532 1749 gerere
545 1697 599 1736 solet
612 1696 702 1737 alteram
713 1696 754 1736 sibi
765 1695 875 1748 acquirant
885 1693 958 1749 (Petit,
970 1693 1037 1749 Kella

157 1773 195 1813 pro
212 1773 253 1812 qua
271 1761 527 1814 acceptioneprovooanr
541 1762 567 1802 ad
581 1761 696 1802 lectionem
712 1761 831 1802 muliorum
849 1760 947 1801 codicum
964 1759 1039 1816 triticea

159 1825 438 1879 (GEFGKLMPSUVX
450 1825 507 1879 etat
522 1826 565 1867 Alii
580 1826 622 1867 dici
635 1828 722 1867 censent
737 1837 765 1867 ne
778 1826 819 1866 sibi
833 1825 942 1878 acquirant
954 1825 1038 1878 uirgam

157 1903 195 1944 pro
209 1892 291 1938 itinere,
303 1892 321 1931 si
332 1903 378 1932 non
387 1892 466 1932 habeut
476 1890 577 1944 taratra),
589 1892 607 1931 si
620 1903 671 1932 vero
681 1892 768 1940 habent,
780 1903 805 1931 ea
819 1891 850 1931 uti
864 1891 928 1931 licere
943 1890 1036 1944 (Maro.);

158 1956 184 1997 cf.
197 1955 238 1996 rat.
252 1957 321 1997 Etiam
335 1957 417 1997 aduerti
432 1957 494 1997 debet
508 1957 566 2009 quod
581 1957 701 2008 saepius‘in
713 1957 830 2009 evangeliis
843 1957 975 2005 observatur,
989 1967 1037 1997 sen·

157 2022 234 2063 tentias
245 2022 321 2063 Christi
331 2034 375 2062 non
385 2022 460 2062 referri
470 2034 482 2062 a
492 2022 580 2074 singulis
588 2021 722 2068 verbotenus,
735 2021 772 2062 sed
780 2022 847 2074 magis
858 2021 977 2062 secundum
988 2032 1035 2063 sen·
1089 2016 1090 2020 ¹

157 2100 213 2136 sum,
227 2088 250 2127 id
265 2088 322 2139 quod
338 2099 363 2127 eu
375 2087 491 2127 traditione
504 2091 527 2127 et
540 2087 699 2140 praedieatione
713 2087 860 2140 apostolorum
874 2098 899 2126 eu
912 2098 954 2139 qua
970 2086 1036 2128 etiam

157 2152 265 2204 evangelia
272 2153 351 2204 partim
360 2152 464 2203 originem
474 2153 554 2192 ducunt
562 2152 623 2192 faoile
633 2139 779 2204 oor'rsequitur.
790 2152 882 2192 Sensum
893 2152 951 2192 euim
961 2152 1037 2193 verbo·

156 2230 203 2259 rum
212 2217 289 2258 Christi
299 2218 354 2258 bene
367 2219 481 2257 servarunt
493 2229 569 2257 onrues
578 2218 670 2269 apostoli
681 2220 703 2257 et
715 2213 804 2258 sensum
816 2218 871 2258 bene
882 2219 1034 2271 exposuerunt,

156 2285 201 2336 ipsa
215 2285 288 2326 autem
300 2284 366 2324 verba
378 2283 404 2323 ad
417 2294 488 2323 unum
500 2283 572 2323 omnia
584 2282 740 2328 eodemmodo
752 2283 777 2323 ab
791 2282 892 2324 omnibus
908 2281 997 2335 proferri
1010 2293 1035 2323 aa

156 2349 257 2390 continuo
266 2348 354 2392 retineri
363 2360 436 2400 neque
443 2359 532 2396 necesse
541 2350 587 2389 erat
596 2359 666 2402 neque
674 2359 714 2401 pru
726 2348 840 2389 hominum
854 2347 977 2390 conditione
989 2347 1035 2389 sina

136 2420 138 2423 '
155 2427 209 2455 noro
219 2414 323 2455 miraculo
334 2412 412 2467 [eoque
421 2413 500 2465 inutilil
509 2413 556 2453 lieri
563 2413 642 2464 potuit„
650 2413 743 2453 Proinde
755 2413 784 2453 uti
795 2413 853 2461 alibi,
865 2413 894 2453 ita
904 2412 938 2453 hic
950 2422 1035 2466 [auoque

157 2491 230 2519 sensus
244 2478 339 2518 mandati
354 2490 365 2517 a
378 2478 460 2517 Christo
476 2478 519 2517 dati
535 2480 567 2517 cst
582 2477 728 2528 esrprirendus
742 2476 777 2530 (cl,
797 2475 892 2530 coi-lap,
909 2476 988 2519 lutrorl.
1007 2476 1035 2519 ΙΙΙ

155 2555 178 2597 p.
190 2543 298 2595 laisan).
309 2543 339 2582 hd
348 2542 405 2595 (praed
415 2544 539 2582 benenotat
547 2541 613 2582 athala.
626 2555 633 2581 :
644 2558 653 2578 u
667 2542 779 2582 contrariis
789 2542 859 2583 uerbis
873 2541 964 2584 eandem
975 2543 1034 2585 utar·

156 2622 196 2661 que
208 2608 335 2650 sententiam
349 2608 459 2660 eleganter
472 2608 585 2660 urpr·esslt;
600 2610 691 2660 uterrpra
704 2608 760 2648 enim
770 2620 813 2648 nou
827 2608 903 2649 tibristi
918 2608 983 2649 verba
997 2606 1034 2650 sed

155 2687 242 2715 sensum
254 2674 435 2726 exponensroluit
444 2673 564 2725 siguificare
571 2673 679 2713 Christum
689 2673 792 2726 apostolis
803 2673 936 2726 praecepisse
945 2684 972 2714 ue
983 2670 1034 2726 quid

155 2740 256 2780 haberent
268 2742 352 2791 praeter
361 2751 387 2779 ea
396 2751 452 2791 (pirae
462 2730 534 2779 essent
542 2740 564 2779 in
575 2743 708 2790 praesentem
718 2751 782 2779 usum
794 2737 913 2780 necessaria
925 2753 943 2777 a,
954 2737 1033 2780 Sensus

155 2806 224 2856 itaque
237 2806 345 2856 utrimque
354 2807 392 2852 est,
401 2796 425 2844 ut
435 2805 531 2845 Christus
541 2805 613 2844 omnia
621 2805 648 2844 ab
657 2804 688 2845 eis
696 2804 804 2855 superllua
813 2803 893 2843 auferat
903 2805 924 2844 at
934 2813 994 2845 eurus
1002 2802 1033 2845 ais

156 2870 235 2909 adimat
246 2869 366 2923 (theopoli),
376 2885 386 2905 u
396 2872 418 2909 et
426 2869 640 2921 uuialpuodammodo
648 2870 720 2910 nudos
729 2872 751 2910 et
759 2867 868 2920 arpennos
876 2867 902 2908 ad
909 2867 1033 2921 praedican-

156 2935 206 2974 dum
217 2935 323 2988 upastolos
333 2935 420 2975 miserat
431 2938 451 2975 et
462 2936 513 2976 duna
522 2935 635 2975 uidebatur
643 2946 690 2974 esse
700 2932 795 2973 conditio
803 2932 963 2986 magistrorum,
973 2944 1032 2975 aava·

154 3000 238 3040 ritatem
252 3001 358 3052 praceepti
371 3002 469 3053 sequenti
483 3001 589 3041 sententia
601 2998 729 3050 temperarit
742 2996 814 3039 (liaeus
825 3010 830 3038 :
843 2999 921 3052 (lignus
934 3004 966 3040 est
980 3009 1032 3053 bpa-

154 3067 221 3105 rarius
238 3064 286 3103 cibo
301 3076 352 3111 suo,
368 3069 460 3112 lautum,
476 3066 556 3117 iuquit,
574 3064 665 3115 aecipite
682 3063 823 3114 quantumin
840 3063 896 3121 avictu
913 3066 935 3105 at
954 3056 1033 3106 vestitu

154 3130 343 3171 necessariarium
354 3145 363 3163 o
376 3128 406 3182 (SR
418 3129 493 3182 ilica).
504 3129 568 3171 Onini
577 3140 615 3169 eos
624 3138 674 3167 eura
683 3128 765 3174 liberat,
775 3128 828 3170 (licit
839 3127 914 3181 altaria,
924 3139 979 3181 qaue
990 3127 1032 3171 ire-

155 3199 246 3249 qucuter
255 3194 412 3248 impedimento
422 3206 469 3235 esse
479 3196 540 3236 solet.
