2211 3575
434 258 511 288 urarrr.
527 249 546 293 91
564 248 629 288 tl-l3.
934 258 971 296 403

95 344 141 387 huo
153 344 238 390 adeunt
247 345 378 408 discipulos,
394 349 448 409 quia
456 351 504 394 non
513 349 598 393 audent
607 351 684 408 aperte
697 348 833 405 magistrum
843 345 968 405 reprehen-

71 415 72 419 ’
95 413 160 469 dere3
170 416 252 461 deinde
262 433 325 463 suam
334 421 454 465 ostendunt
464 414 610 480 imperitiam,
617 420 684 479 'quod
692 434 735 463 nec
745 420 828 478 seipsos
837 416 968 475 intelligant

94 498 136 530 nec
153 503 204 532 eum
224 504 292 548 quem
308 491 443 535 calumniari
460 495 582 549 conantum
604 486 708 536 nesciunt
727 490 803 533 miseri
823 490 884 548 quod
899 504 966 534 nemo

94 556 141 600 sine
154 563 258 617 peccate,
270 564 291 604 et
301 562 319 606 si
327 562 485 621 peccatoribus
496 576 542 604 non
553 562 741 616 communicaret,
753 575 819 603 nemo
829 560 872 604 vita
884 559 965 617 dignus

36 620 37 623 ¹
95 631 160 684 esset3
176 631 238 674 venit
246 631 344 692 denique
354 634 385 676 eis
394 633 452 677 haec
466 632 593 692 superstitio
606 632 634 676 de
642 631 749 676 iactantia
760 649 780 675 a.

122 700 150 743 At
163 716 241 746 eorum
253 703 339 747 malitia
352 704 423 747 utitur
433 706 492 748 Iesus
504 703 534 748 ad
546 703 683 748 documenta
695 703 764 762 plena
779 702 852 747 solatii
863 715 963 746 commu-

93 769 197 817 nicanda.
218 770 374 818 Statimenim
392 774 507 835 discipulis
521 758 561 834 qui
573 773 753 834 probabilissime
769 773 894 818 haerebant
909 772 965 832 quid

93 843 255 899 responderent
265 859 332 903 opem
342 845 393 889 tulit
405 862 426 891 v.
447 851 473 891 12
484 854 508 890 ct
517 847 578 890 Iesus
590 845 684 890 cardicas
694 846 743 889 ait:
760 859 805 889 non
817 852 849 888 est
859 858 914 903 open
923 859 964 887 cc-

94 910 189 957 lentc'bus
204 915 315 971 inediam,
332 917 372 961 scd
393 918 452 962 ceole
473 916 618 973 hademutam·
638 917 693 977 qnid
714 916 809 972 mirum,
827 917 845 961 si
862 914 963 959 medicus

92 985 263 1031 versaturinter
272 991 429 1046 aegrostnum
443 989 494 1034 ideo
504 989 800 1049 reprehendendustnonne
813 986 889 1047 potius
906 985 962 1031 esset
1002 1017 1003 1020 =

92 1057 153 1099 omni
163 1057 276 1117 vituperio
285 1059 376 1117 dignus
385 1061 454 1105 immo
463 1061 519 1105 risui
526 1060 678 1121 exponendus,
690 1061 708 1109 si
715 1060 789 1104 solum
799 1073 863 1103 sanos
874 1057 960 1102 adiret?

91 1125 190 1171 Christus
199 1128 276 1188 itaque
286 1145 309 1174 se
323 1131 437 1175 medicum
452 1146 497 1177 esse
507 1132 626 1175 hominum
637 1131 736 1175 declarat
746 1132 786 1189 qui
796 1145 832 1175 eos
845 1129 910 1174 adeat
920 1130 960 1188 qui

91 1209 159 1253 quam
176 1200 273 1244 manime
291 1201 435 1258 aegritudine
446 1203 551 1247 laborant
565 1203 586 1246 et
600 1202 731 1246 vulneribus
746 1203 898 1260 peccatorum.
914 1202 960 1251 Qua

90 1281 144 1311 voce
152 1283 176 1313 se
190 1284 241 1314 eum
251 1286 297 1315 esse
306 1275 418 1332 pastorem
427 1273 569 1332 declaratqui
578 1272 640 1332 apud
646 1273 781 1332 prophetam
790 1272 835 1315 iarn
844 1271 944 1330 loquitur
953 1286 957 1316 :

90 1339 152 1396 quod
167 1340 281 1386 abiectum
295 1346 344 1387 erat
356 1343 464 1404 reducam
480 1348 501 1388 et
516 1337 578 1404 quod
591 1344 731 1388 confractum
744 1344 818 1387 tuerat
829 1342 928 1399 alligabo
938 1345 959 1386 ct

89 1411 150 1467 quod
170 1412 269 1472 perierat
285 1415 399 1474 requiram
415 1418 437 1460 ct
453 1416 512 1475 quod
525 1415 734 1470 infirmumiuerat'
751 1414 894 1459 consolidabo
915 1413 956 1469 (Er.
993 1418 995 1423 “

89 1482 172 1542 3t‚16),
183 1483 238 1528 dum
248 1485 276 1528 de
283 1486 408 1545 pharisaeis
418 1488 477 1531 valet
487 1486 549 1547 quod
558 1486 642 1531 ibidem
654 1487 682 1531 de
691 1487 755 1530 malis
764 1485 893 1545 pastoribus
902 1484 958 1529 dici-

87 1554 124 1595 tur
134 1567 138 1597 :
152 1555 214 1613 quod
220 1556 338 1601 infirmum
347 1558 390 1601 fuit
397 1574 443 1603 non
452 1558 605 1602 consolidastis
615 1561 636 1601 ct
646 1558 706 1617 quod
713 1560 832 1614 aegrotum
841 1572 887 1600 non
895 1571 958 1601 sana-

87 1623 125 1666 stis
135 1628 176 1669 etc.
192 1628 263 1677 Quare
273 1632 334 1687 patet
343 1629 508 1686 legisdoctores
519 1624 612 1673 consilia
620 1628 659 1672 Dei
664 1630 688 1672 in
698 1629 750 1686 lege
761 1628 902 1672 manifestata
912 1629 955 1671 mi-

86 1694 147 1739 nime
160 1697 302 1748 intellexisse.
323 1699 348 1743 Id
363 1693 426 1759 quod
442 1695 541 1745 Christus
555 1700 586 1746 eis
602 1699 672 1743 altero
689 1715 729 1743 suo
744 1713 851 1757 responso
866 1714 955 1758 quoque

87 1767 208 1824 exprobrat
219 1784 240 1812 v.
255 1773 281 1813 13
291 1778 367 1814 erentes
381 1779 457 1815 narrent
467 1771 544 1815 discite
557 1770 614 1830 quid
622 1778 678 1814 cst:
690 1762 926 1815 rrn'scra'cordz'am'oolo
936 1780 957 1815 et

86 1839 956 1902 nonsocrz'stcc'anc,·looutioestindisputationibusetdemonstrationibusrab·
1017 1861 1018 1864 ¹

85 1907 193 1953 binorum
208 1911 339 1971 frequenter
353 1913 458 1958 adhibita
477 1928 482 1959 ι
497 1913 535 1958 ahi
548 1916 569 1957 et
586 1913 645 1956 disce
657 1910 707 1962 uati
719 1927 748 1961 uu
768 1912 804 1970 (cf.
822 1911 956 1971 Scbccttpcn

85 1994 108 2037 p.
126 1980 171 2040 aa).
191 1985 250 2042 Iesus
262 1983 347 2040 allegat
360 1986 394 2028 Os.
407 1984 456 2039 6,6’;
467 1984 491 2027 in
503 1984 569 2028 hebr.
583 1999 625 2033 unu
640 1984 655 2027 i.
674 2000 693 2028 e.
710 1988 766 2028 Deus
777 1978 820 2027 sibi
830 1980 956 2043 complacet

84 2049 108 2093 in
118 2050 248 2109 dilectione,
260 2045 354 2113 pietate,
362 2055 386 2098 in
396 2045 467 2101 animi
474 2055 548 2113 gratia
560 2058 581 2098 et
588 2048 717 2108 clementia3
729 2055 815 2099 cultum
824 2058 952 2118 externum,

84 2122 221 2168 sacrificium
234 2139 260 2169 eo
277 2125 357 2185 spiritu
375 2126 507 2172 destitutum
520 2126 606 2186 respuit
620 2125 680 2185 (vide
695 2140 771 2170 meum
787 2127 912 2170 Gomment.
929 2127 955 2171 in

83 2194 167 2252 Proph.
185 2195 240 2240 min.
258 2199 300 2255 lp.
312 2196 361 2256 89);
379 2198 441 2242 unde
458 2198 541 2241 durum
556 2197 622 2241 illurn
637 2197 766 2241 animorum
781 2210 869 2240 sensum
886 2212 954 2255 quem

84 2269 166 2320 gerant
178 2266 202 2308 in
214 2270 374 2328 peccatores-a
390 2270 433 2312 Deo
449 2269 553 2312 damnari
570 2268 634 2311 docet
650 2272 671 2311 et
683 2269 740 2324 legis
759 2267 861 2311 doctores
876 2268 953 2326 phari-

83 2350 191 2396 saeosque
209 2338 321 2397 quisnam
330 2339 387 2396 legis
400 2340 502 2383 notitiam
516 2342 538 2383 et
547 2330 714 2383 observantiam
728 2340 811 2382 iactent
826 2338 850 2382 id
860 2339 920 2397 quod
929 2341 953 2384 in

83 2407 950 2470 legepraecipuumsitacpalmareturpiterignorarectnegligereconvincit.

112 2479 195 2529 Quodsi
206 2480 361 2538 intelligerent
371 2482 521 2541 Seripfflram,
533 2482 685 2541 perspicerent
696 2481 764 2524 etiam
773 2481 873 2525 blessiam
888 2481 917 2525 ad
929 2471 956 2526 id

82 2549 158 2593 venire
169 2553 191 2593 et
205 2551 264 2595 hanc
279 2567 325 2596 esse
342 2554 442 2597 muneris
456 2554 503 2597 eius
514 2554 625 2597 rationem
635 2555 663 2596 ut
671 2554 802 2612 peccatores
815 2555 859 2596 Deo
871 2566 952 2597 recon-

80 2620 154 2666 ciliet:
167 2636 212 2665 non
222 2622 281 2665 enlm
292 2624 432 2668 ecru'eccare
446 2624 514 2668 bretos
527 2623 567 2668 sed
573 2631 716 2683 peccatorem·
725 2624 757 2667 ita
770 2623 836 2667 tertio
845 2638 951 2682 responso
984 2621 988 2629 '

81 2692 191 2737 rationem
205 2692 280 2737 reddit
297 2708 338 2737 our
350 2696 506 2753 peecatoribus
522 2709 569 2739 sese
585 2694 731 2756 sociarennon
748 2693 891 2750 dedignetur.
910 2697 951 2739 Eos

80 2764 139 2807 enim
154 2765 259 2809 occurri.
278 2780 297 2809 e.
308 2764 338 2809 ad
352 2767 422 2809 Deum
435 2762 544 2810 reducere
554 2766 609 2809 vult.
620 2765 672 2809 Ideo
685 2764 876 2824 praedicationem
887 2778 952 2810 suam

79 2836 229 2894 auspicatura
233 2836 372 2895 poenitentia
379 2840 430 2891 t,17
439 2852 484 2896 qua
492 2836 596 2893 indigere
605 2849 682 2879 omnes
688 2834 792 2879 ostendit.
802 2837 883 2880 Omnes
891 2837 951 2880 enim

77 2907 174 2963 peccatis
184 2910 235 2950 sunt
245 2907 348 2963 obnoxii,
360 2922 437 2963 omnes
449 2907 525 2964 aegri,
543 2921 598 2964 ergo
616 2906 720 2964 indigent
733 2905 832 2962 medico,
847 2907 952 2969 indigent

77 2976 199 3031 salvatore3
217 2996 227 3017 o
239 2981 260 3021 ot
272 2980 322 3037 quis
332 2995 378 3023 non
389 2983 437 3025 erat
448 2981 553 3038 aegrotus
565 2979 614 3038 ipsa
623 2978 713 3035 generis
722 2977 820 3022 humani
830 2979 861 3023 sic
869 2993 951 3036 aegro-

76 3048 138 3091 tante
152 3051 235 3091 natura
249 3065 259 3087 a
274 3048 308 3106 (S.
326 3052 428 3110 Clupsol.
447 3052 513 3095 serm.
532 3049 584 3110 Μ
600 3064 677 3094 omnes
692 3050 753 3094 enim
766 3053 917 3109 peccaverunt
931 3053 951 3094 et

78 3123 145 3174 egent
151 3119 269 3177 glortabei
278 3118 351 3178 (Rom.
361 3126 412 3176 333
421 3139 425 3179 ς
435 3124 484 3167 sim.
492 3124 516 3167 S.
524 3121 591 3168 Pascl
599 3157 603 3165 .
615 3121 691 3167 Tlrom.
702 3121 750 3166 Cot.
759 3120 812 3181 etc.)
821 3124 842 3166 et
850 3121 950 3181 quicum-

78 3202 122 3246 que
130 3191 184 3235 iusti
194 3194 255 3245 sunt,
267 3205 313 3233 non
322 3196 374 3234 sunt
381 3194 434 3237 iusti
444 3195 487 3238 nisi
497 3210 539 3254 per
548 3183 669 3238 Christum.
679 3193 741 3238 Unde
751 3192 855 3237 concludi
864 3194 950 3250 oportet

347 3260 476 3294 {inalienatum
488 3273 505 3296 ru
517 3265 584 3298 stru-ru.
597 3266 610 3299 l.
623 3285 643 3291 -
656 3269 679 3300 n.
