2211 3575
437 249 512 280 uarro.
529 241 547 288 5,
564 238 635 280 33-34.
942 236 979 276 0285

92 341 133 374 olco
148 340 207 382 vobis,
222 349 260 375 non
276 341 338 376 iurare
355 342 441 383 omnmo,
459 351 521 385 noque
542 339 583 387 ὑμῖν
597 339 619 387 μὴ
631 327 694 388 ὀμόσαι
710 338 759 381 ὅλως,
775 336 816 386 μήτε
832 336 849 372 ἐν
866 337 891 384 τῷ
908 334 978 383 οὐρανῷ,

92 409 125 442 por
140 400 218 442 coelum,
235 402 278 443 quia
291 402 371 437 thronus
388 402 423 436 Dei
438 403 473 443 est,
492 403 519 439 35,
544 401 569 435 ότι
583 399 639 446 θρόνος
652 399 696 434 ἐστὶν
710 400 739 433 τοῦ
757 397 807 442 Θεοῦ,
823 400 852 434 35.
869 394 910 444 μήτε
929 394 945 430 ἐν
959 395 980 442 τῇ

92 468 153 502 neque
171 468 205 502 per
219 463 296 503 terram,
313 462 358 502 quia
375 461 478 503 scabellum
494 463 522 505 ost
543 461 565 507 γῇ
583 459 608 492 ότι
623 456 713 495 ὑποπόδιόν
733 456 775 492 ἔστιν
795 460 828 492 τῶν
847 456 902 491 ποδῶν
920 453 978 500 αὐτοῦ,

62 542 63 545 ¹
91 519 158 561 poclum
180 521 226 560 eius,
247 527 308 561 neque
333 528 367 561 per
385 519 522 560 lerosolymam
545 517 586 564 μήτε
615 516 636 556 εἰς
663 515 783 562 Ἰεροσόλυμα,
805 517 832 550 ’ότι
860 515 907 554 πόλις
933 513 978 549 ἐστὶν

91 579 135 620 quia
147 578 212 612 civitas
223 580 252 612 est
265 578 329 620 magni
340 579 401 620 reg1s3
417 578 446 611 36.
460 587 522 622 neque
544 576 572 609 τοῦ
585 575 661 623 μεγάλου
676 574 764 621 βασιλέως,
779 576 807 610 36.
823 574 865 621 μήτε
881 573 898 607 ἓν
914 576 935 621 τῇ
948 586 977 607 αο-

91 646 125 680 per
136 640 191 680 caput
204 639 256 671 tuum
269 639 367 679 iuraveris,
378 638 423 680 quia
435 646 474 671 non
486 647 521 681 po·
543 633 589 682 ραλῇ
610 647 640 670 oon
663 633 736 683 ὀμόσῃς,
756 634 784 669 ότι
804 633 823 668 ob
847 632 916 668 δύνασαι
937 632 978 679 μίαν

91 698 120 730 tos
129 706 188 731 unum
201 698 289 741 capillum
301 698 365 732 album
376 697 438 731 tacere
447 697 480 731 aut
492 699 521 732 ni·
543 694 593 743 τρίχα
618 692 678 738 λευκὴν
704 695 772 739 ποιῆσαι
796 693 806 738 ἢ
832 693 921 741 μέλαιναν,
950 694 977 727 37.
1017 698 1021 710 ’

91 764 154 798 grnm3
171 757 200 791 37.
216 758 241 793 sit
253 759 319 792 autem
332 765 394 791 sermo
409 758 472 800 vester
485 760 519 801 est,
543 744 625 790 ἔσται’δὲ
642 754 651 788 ό
672 754 722 802 λόγος
741 752 787 800 ὑμῶν
807 753 834 787 ναὶ
857 752 889 797 ναί,
912 752 930 786 ob
951 749 976 785 οό·

91 816 127 856 est;
138 824 182 856 non,
193 816 301 859 non3qnod
311 818 375 855 autem
383 817 413 849 his
422 805 564 850 abuudan-ab
588 812 604 847 δὲ
627 813 704 861 περισσόν
726 812 789 848 τούτων
816 811 833 847 ἐν.
855 813 885 847 τοῦ
906 813 977 857 πονηροῦ

91 875 127 907 tius
138 876 172 915 est,
183 876 253 909 amalo
264 878 297 909 est.
543 872 592 908 ἐστίν.
690 870 692 874 ’

115 988 136 1021 ln
143 997 162 1022 v.
173 987 194 1021 36
205 985 228 1025 ab
240 986 290 1033 μηδα;
300 989 320 1022 in
327 997 346 1022 v,
357 988 380 1023 37
389 989 436 1023 codd
443 989 484 1031 pler
491 989 558 1031 legunt
568 999 619 1029 aaron
629 990 655 1023 ita
664 997 739 1033 quoquc
747 989 787 1023 lust
795 987 857 1028 Olcm;
868 988 887 1020 et
896 985 920 1020 sit
927 987 941 1019 lt
951 994 975 1027 vg
1037 1007 1039 1009 ·

91 1047 109 1079 Ir
118 1047 161 1082 Tert
172 1046 219 1091 Gyp,
231 1057 276 1080 εοται
286 1048 306 1080 in
316 1047 331 1079 B
342 1047 376 1081 245
387 1047 425 1082 uus
429 1055 435 1090 3
447 1048 476 1080 sin
485 1048 567 1081 brevlter
578 1056 583 1080 z
594 1048 674 1083 audistis
684 1048 754 1081 dictum
765 1056 806 1081 csse
816 1057 821 1079 ,τ
833 1055 880 1086 non,·
893 1054 910 1078 v.
923 1045 945 1079 36
955 1045 975 1077 in

90 1114 112 1140 eo
122 1107 195 1148 partem
205 1115 262 1141 unam
272 1106 351 1140 crinium
361 1106 436 1149 nigram
446 1105 479 1138 aut
487 1106 556 1142 albam.

119 1204 207 1247 Transii
214 1204 317 1248 Christus
329 1203 358 1247 ad
368 1203 533 1247 iuramentum.
547 1206 594 1254 Quo
606 1204 687 1248 ordine
704 1204 729 1248 id
739 1204 779 1248 fiat
789 1202 894 1247 nonnulli
905 1217 974 1261 quae-

90 1268 151 1319 runt.
164 1276 218 1319 EtS.
231 1273 311 1333 Cbrps.
323 1274 417 1333 quidem
426 1276 492 1333 putat
502 1275 623 1318 Dominum
630 1274 714 1320 omisso
723 1275 784 1319 furto
795 1274 870 1318 statim
878 1273 975 1318 transire

91 1346 121 1390 ad
133 1346 266 1390 mandatum
280 1348 395 1400 octavum,
412 1345 545 1404 «qnoniam
557 1346 599 1405 qui
608 1346 700 1390 iuratur
711 1345 839 1404 aliquando
849 1345 921 1403 iurat5
934 1345 974 1402 qui
998 1351 1000 1353 ’

90 1431 144 1461 vcro
152 1431 228 1477 neque
236 1417 313 1462 iurare
320 1431 397 1476 neque
403 1416 497 1462 mentiri
503 1417 575 1471 novit,
584 1419 655 1462 multo
663 1417 737 1475 magis
743 1432 759 1461 a
766 1418 828 1461 furto
838 1415 972 1469 abstinebit3

72 1509 73 1512 ¹
89 1490 167 1547 itaque
178 1503 218 1547 per
228 1490 271 1532 hoc
284 1488 354 1532 etiam
370 1487 430 1533 illud
438 1491 559 1547 peecatum
569 1489 652 1533 evertit
664 1503 687 1543 »3
699 1489 740 1533 sed
749 1489 865 1532 Christum
876 1491 974 1545 ‘tangere

89 1559 216 1604 secundum
225 1562 376 1619 praeceptum
388 1560 443 1604 satis
453 1563 487 1604 est
499 1559 653 1605 manifestum.
669 1561 693 1605 S.
710 1560 786 1605 l'ltouc.
799 1560 831 1604 ita
844 1574 928 1603 nerum
938 1573 973 1602 or-

89 1631 194 1675 dinemve
205 1632 305 1688 assignat
320 1644 325 1675 :
343 1649 354 1672 o
370 1646 441 1690 supra
455 1631 571 1675 ordinavit
579 1631 719 1676 irascibilem
729 1633 752 1674 et
765 1629 972 1689 concupiscibilem

89 1702 179 1747 aderas
188 1702 317 1762 passiones3
327 1702 366 1745 hio
378 1701 469 1745 ordinat
478 1702 616 1746 rationalem
626 1705 730 1762 respectu
739 1701 843 1747 veritatis
855 1719 878 1755 a,
890 1714 972 1745 verum

88 1774 175 1818 frusino
183 1772 286 1818 laborari
295 1772 414 1817 contendit
423 1772 496 1818 Mold.
510 1776 535 1817 ut
545 1773 660 1820 rationem
669 1773 800 1828 inveniant3
813 1787 848 1816 res
855 1771 917 1815 enim
927 1770 973 1816 dici

88 1860 134 1888 non
144 1844 293 1889 certoordine
302 1844 341 1889 sed
350 1847 419 1904 prout
428 1845 577 1896 occurrerint.
589 1845 721 1888 Mandatum
732 1859 778 1888 noo
784 1842 973 1904 pericoabtsnou

88 1916 175 1972 legitor
188 1916 284 1960 totidem
305 1916 395 1971 verbis;
409 1918 433 1960 at
444 1916 549 1975 sequitur
563 1931 590 1959 cr
609 1915 719 1960 mandato
732 1915 838 1960 secundo
851 1917 890 1963 ux.
909 1917 970 1969 ΞΟΠ.

89 1991 152 2031 Dent.
165 1992 216 2040 5,ss
228 1990 250 2031 et
265 1987 352 2044 legitur
366 2002 437 2046 qnam
452 1988 556 2046 proxime
568 1989 620 2031 Lev.
639 1991 706 2041 taur
716 2001 764 2030 non
776 1985 884 2030 iurabitis
894 1985 919 2030 in
929 1975 983 2029 noss

88 2058 149 2101 mine
167 2058 381 2115 meomendaciter
404 2058 491 2117 (hebr.)
509 2063 545 2103 oba
561 2064 641 2115 ὀμεῖοθε
657 2065 684 2117 τῷ
701 2062 782 2114 ὀνόματί
799 2077 835 2114 μον
850 2059 880 2102 ἐπ’
898 2057 970 2114 ἀδόλῳ

88 2130 171 2174 lterum
184 2130 212 2173 ct.
225 2134 277 2185 lul,
289 2128 369 2174 reddor
379 2137 457 2173 autem
465 2129 562 2174 Domino
574 2131 705 2174 sacramento
715 2137 764 2185 tuo,
780 2145 839 2189 quae
853 2128 925 2173 verba
935 2142 972 2180 re·
1009 2136 1011 2146 ¹

87 2203 192 2245 feruntur
202 2202 232 2245 ad
242 2197 307 2245 llum.
323 2206 376 2256 30,3
388 2205 410 2244 ot
423 2204 487 2245 Dent,
505 2206 586 2256 2331,
603 2216 629 2246 ea
644 2201 752 2260 implebis
765 2216 825 2260 quae
839 2200 971 2245 iuramento

32 2327 33 2330 Ἴ
86 2272 219 2332 promiseris
229 2272 321 2315 velnoto
330 2272 428 2316 voveris.
438 2272 551 2330 Exemplis
557 2272 582 2315 in
587 2272 689 2316 talmudc
696 2271 771 2315 allatis
779 2274 869 2316 constat
876 2271 970 2315 iurandi

87 2343 274 2388 consuetudinem
284 2342 353 2387 fuisse
360 2342 414 2387 satis
426 2343 572 2402 frequentem
580 2342 638 2387 etin
650 2343 719 2388 rebus
729 2358 822 2403 quoque
833 2342 925 2387 minimi
934 2342 970 2386 vel

85 2415 171 2460 nullius
187 2414 298 2459 momenti
315 2413 351 2473 (ol.
367 2414 490 2474 Lipbtfoot
502 2415 518 2458 l.
536 2431 554 2460 o.
569 2430 593 2474 p.
606 2419 660 2471 2933
676 2415 790 2460 Wtbrscbc
802 2431 826 2475 p.
838 2416 886 2474 58),
898 2429 969 2475 porro

85 2488 214 2531 iuramenta
227 2487 334 2545 illaquac
342 2502 390 2530 non
400 2501 443 2546 per
453 2487 581 2543 Dominum,
597 2502 639 2547 per
651 2501 737 2531 nomen
748 2488 817 2531 lahve
830 2487 912 2531 fierent
921 2488 969 2531 lere

85 2558 173 2602 nullam
183 2558 229 2601 vim
240 2558 326 2601 habere
336 2558 469 2603 asserebant
476 2559 580 2603 dicentes
588 2559 685 2603 Domino
693 2573 742 2604 csso
752 2559 908 2604 iuramentum
917 2559 969 2603 red-

85 2628 185 2673 dendum
192 2628 230 2688 (cf.
238 2628 368 2685 Michaelis,
378 2624 513 2674 llosaisohes
521 2631 599 2685 Reclrt,
609 2634 668 2689 part.
680 2636 692 2675 o
701 2647 725 2691 p.
734 2635 777 2676 rot
785 2644 842 2690 seq.;
856 2632 886 2676 W
885 2630 969 2675 boscho

85 2717 108 2760 p.
120 2699 156 2759 59)
169 2703 190 2743 et
196 2715 265 2759 quam
272 2702 346 2744 astute
351 2700 532 2760 interpretantes
539 2702 672 2747 iuramenta
681 2701 737 2746 alios
745 2702 883 2761 deceperint,
893 2716 968 2746 crom-

85 2772 128 2831 plis
141 2771 271 2816 declaratur
283 2772 360 2816 llattlr.
370 2776 489 2826 rane-re.

113 2846 174 2886 Iesus
188 2847 264 2888 autem
278 2843 358 2888 statuit
372 2859 393 2887 ν.
412 2847 441 2886 aa
451 2854 502 2887 'aoso
516 2844 594 2888 iterare
606 2844 707 2901 ornru'oo,
726 2860 802 2907 raeque·
813 2860 855 2905 per
867 2846 968 2901 coelum·

83 2913 146 2973 prins
156 2914 266 2972 prohibet
276 2929 343 2959 omne
353 2915 521 2970 iuramentum
533 2914 617 2959 deinde
628 2916 764 2976 particulari
777 2917 866 2961 ratione
876 2917 967 2977 aliquas

83 2984 175 3029 iurandi
190 2985 301 3030 formulas
316 2986 432 3046 prohibet.
455 2987 490 3031 Uti
506 2987 576 3032 verba
590 3001 674 3044 gracco
689 2989 807 3034 hebenini
824 2997 850 3046 μή
867 3014 896 3022 -
907 2996 966 3046 μήτε,

83 3057 127 3101 alia
138 3071 229 3116 quoquc
243 3057 346 3116 acceptio
361 3059 383 3102 vi
396 3058 522 3103 vorborum
535 3062 609 3118 posset
622 3060 724 3115 admitti3
736 3076 792 3106 nam
806 3068 855 3118 μήτε
867 3087 896 3094 -
906 3069 965 3118 μήτε,

82 3128 115 3172 uti
125 3127 274 3185 distinguitur
284 3144 298 3171 a
312 3136 371 3185 μηδὲ)
382 3146 474 3175 sonsum
481 3132 553 3176 habet
565 3132 710 3191 partitivum,
721 3133 754 3177 ita
764 3136 789 3178 ut
803 3133 867 3192 quod
876 3136 966 3178 antoce-

84 3200 117 3243 dit
135 3214 182 3244 noo
197 3200 273 3244 boore
288 3200 382 3245 ebroino
400 3202 426 3245 in
442 3218 493 3248 suas
508 3203 573 3263 quasi
583 3208 659 3263 partas
669 3204 795 3262 dividatur,
811 3204 867 3248 dnm
878 3210 926 3260 μηδέ
936 3203 966 3247 ad
