2239 3511
83 230 85 235 “
111 229 151 268 <252
388 219 390 222 '
461 226 548 272 armni:
560 220 579 266 5,
597 219 628 257 13,

111 318 225 367 enuntiari
236 316 363 375 generatim
377 310 404 361 de
418 317 445 362 iis
456 318 497 376 qui
510 316 593 361 Christi
603 317 654 360 sunt
664 317 685 360 et
702 330 744 376 pro
752 316 931 373 uniuscuiusque
941 328 988 358 mu·
1046 358 1050 362 ,

110 388 215 431 ueremi
231 387 342 445 dignitate
357 402 383 432 ea
397 388 426 433 ad
440 388 544 446 singulos
557 388 679 447 applicari,
694 388 793 432 maxime
803 389 880 431 autem
895 385 924 429 ad
938 399 989 443 apo-

110 459 188 514 stolos⁷
206 459 231 503 id
250 459 311 518 quod
326 475 352 503 ex
370 462 452 504 eorum
465 460 574 504 missione
590 462 611 503 et
626 459 699 503 officio
712 448 859 516 intelligitur.
878 460 910 501 lta
922 455 989 499 etiam

110 530 244 575 nexus'cum
256 531 443 575 antecedentibus
455 531 537 580 melius
548 533 633 589 constat
646 530 682 590 (ci.
693 530 812 588 Coleridge
823 533 851 574 ΙΙΙ
860 545 882 589 p.
891 527 922 587 3).
960 571 962 575 .

110 618 114 623 ·
141 604 264 660 Postquam
278 603 339 660 leges
351 604 468 660 generales
482 603 550 661 regni
560 605 611 647 suut
626 602 755 662 propositae
768 604 790 645 et
803 601 828 645 in
840 601 868 645 iis
882 600 934 643 illae
945 598 989 641 vir-

111 674 170 717 tutes
188 676 290 717 ostensae
309 674 391 732 quibus
410 689 511 733 regnum
531 673 667 734 possidetur,
685 673 786 735 declaret
802 673 902 716 Christus
919 669 1001 734 solum

112 745 201 803 eosqui
214 745 261 789 istis
274 745 396 790 virtutibus
411 746 512 805 praediti
522 747 566 790 sint
578 749 641 805 aptos
658 759 703 790 esse
716 760 757 805 per
770 758 827 804 quos
841 742 945 788 homines
962 739 991 784 ad

112 815 210 859 salutem
221 816 371 861 adducantur.
384 817 408 860 Id
419 819 494 861 autem
509 817 633 876 explicatur
643 831 746 861 sermone
754 815 900 876 parabulieo3
911 816 933 857 et
943 812 990 871 qui-

44 899 47 907 ε
112 886 165 928 dem
178 901 199 929 v.
217 891 242 930 13
257 902 294 930 cos
305 887 357 931 eatis
372 887 408 931 rol
418 895 503 943 lenum
516 886 641 947 prophetae
652 888 699 931 fere
712 888 779 950 unice
789 901 832 947 pro
845 885 948 931 Israelitis
957 883 990 926 la*-

46 957 47 960 ’
112 956 238 1010 borabant3
254 958 319 1001 alitor
331 958 372 1016 qui
387 956 469 1002 Christi
485 952 569 1002 suntet
582 959 629 1003 eius
644 960 743 1002 mentem
755 959 780 1002 in
796 957 818 1001 r.
833 961 887 1001 3-12
902 948 990 1014 eripres-

113 1041 162 1071 sam
171 1027 294 1072 induerunt
302 1044 306 1082 ς
313 1028 342 1072 ‚hi
350 1028 501 1086 designantur
511 1030 546 1073 sal
553 1037 626 1073 terrae
634 1030 650 1073 i.
662 1044 681 1073 e.
691 1044 734 1088 pro
745 1028 851 1073 omnibus
861 1025 990 1072 hominibus
1008 1070 1010 1074 ,

113 1091 146 1147 (S.
162 1099 241 1158 Glarps.
254 1100 331 1158 lausi.
346 1099 380 1144 Uti
391 1101 414 1145 S.
428 1100 476 1155 Hil.
493 1103 580 1153 monet,
593 1101 718 1160 proprietas
731 1103 762 1145 est
776 1099 908 1160 quaerenda
922 1097 990 1141 dieto.

113 1185 178 1225 rum,
193 1186 262 1230 qriam
273 1171 344 1230 ipsius
357 1171 409 1216 salis
421 1175 504 1216 natura
516 1172 662 1227 monstrabit;
673 1172 711 1216 hic
723 1171 785 1216 enim
798 1170 990 1230 incorruptionem

114 1242 250 1300 corporibus
261 1242 342 1301 quibus
351 1243 420 1287 fuerit
429 1258 534 1303 aspersus
547 1244 647 1302 impertit
658 1245 679 1287 et
691 1244 719 1287 ad
731 1257 821 1287 omnem
837 1255 926 1286 sensum
938 1254 990 1293 oon7

91 1312 93 1316 ’
115 1313 158 1356 diti
171 1314 257 1372 saporis
271 1314 398 1373 aptissinms
407 1318 447 1359 est.
459 1318 518 1359 Duos
530 1315 602 1372 igitur
615 1314 705 1358 effeetus
715 1314 767 1359 salis
778 1312 930 1359 communiter
944 1324 989 1354 me-

117 1388 223 1429 morant:
241 1386 409 1444 corruptionem
421 1386 528 1445 impedit,
541 1386 618 1429 cibum
632 1385 753 1444 insipidum
765 1384 843 1429 condit
852 1386 874 1427 et
886 1381 989 1442 sapidum

115 1455 239 1498 acrimonia
249 1470 287 1499 sua
297 1455 378 1500 reddit.
390 1459 422 1519 lta
433 1457 538 1516 discipuli
549 1457 629 1500 Christi
640 1457 740 1516 exemplo
749 1457 811 1500 vitae
818 1458 841 1499 et
850 1454 952 1498 doctrina
960 1453 989 1496 ef-

114 1525 183 1569 ficere
189 1526 283 1581 olebant,
293 1530 318 1570 ut
323 1524 426 1572 homines
436 1530 481 1571 Deo
491 1530 557 1572 antea
566 1527 728 1572 abominabiles
737 1527 863 1571 reddantur
875 1529 918 1570 Deo
929 1524 988 1583 grati

114 1601 137 1640 et
144 1598 242 1656 accepti,
254 1598 327 1657 utqui
337 1601 381 1642 Deo
394 1599 482 1658 accepti
492 1602 545 1643 sunt
557 1599 685 1643 exitiorum
696 1599 841 1658 corruptione
855 1610 988 1641 conserven-

114 1672 151 1711 tur
162 1668 250 1728 (lanr.).
264 1670 312 1713 Vim
324 1669 386 1728 illam
399 1670 495 1715 sanandi
507 1671 532 1714 in
547 1671 592 1714 sale
604 1670 741 1730 propositam
751 1671 799 1714 iam
811 1668 935 1713 declaravit
947 1667 989 1710 Eli-

114 1754 165 1784 seus
172 1741 263 1784 mittens
270 1741 338 1784 salem
348 1741 372 1783 in
384 1756 454 1800 aquas
463 1742 581 1801 pessimas,
590 1756 646 1800 quae
658 1745 747 1785 sanatae
757 1743 810 1785 sunt
821 1740 842 1800 (h
855 1742 908 1796 Reg.
922 1742 986 1793 2313

115 1811 139 1855 S,
155 1810 244 1855 Cbrom.
258 1810 356 1869 l'liom.);
369 1815 423 1870 quot
437 1815 459 1856 et
472 1814 558 1871 quanta
567 1813 591 1855 in
605 1812 688 1855 mundo
701 1812 818 1857 sanatione
833 1810 952 1867 indigent?
965 1810 988 1852 in

116 1881 220 1925 doctrina
236 1882 317 1925 Christi
331 1881 393 1926 adest
407 1882 546 1936 remedium3
564 1883 651 1926 utinam
665 1885 736 1927 essent
751 1882 838 1941 ubique
853 1881 892 1940 qui
908 1881 954 1924 vita
967 1883 988 1924 et

115 1953 222 1996 doctrina
230 1953 286 1996 haee
294 1953 394 1997 remedia
402 1954 451 1998 aliis
460 1954 611 2013 applicarent!
623 1956 677 1999 Cum
686 1955 718 1998 sal
728 1969 741 1998 a
751 1953 897 2012 corruptione
906 1955 985 2006 servet,

114 2024 245 2081 symbolum
257 2026 289 2068 est
303 2024 415 2069 firmitatis
432 2040 457 2068 ae
471 2024 609 2077 stabilitatis3
621 2024 672 2068 ideo
687 2025 766 2070 foedus
781 2024 821 2068 llei
836 2037 887 2067 cum
904 2022 987 2082 populo

114 2095 243 2153 appellatur
260 2094 338 2138 foedus
356 2109 395 2138 seu
413 2098 507 2154 pactum
525 2095 576 2139 salis
595 2095 730 2154 (Lev.2‚13.
751 2098 819 2140 Num.
839 2098 905 2150 18‚19
920 2093 985 2137 hebr.

114 2170 127 2209 2
137 2168 188 2209 Par.
203 2164 264 2224 135)
277 2168 298 2209 et
309 2166 362 2224 quia
373 2166 406 2210 sal
416 2160 587 2210 condimentum
596 2169 635 2221 est,
648 2166 762 2211 sacrifieiis
772 2165 900 2210 addebatur
909 2165 939 2209 ad
949 2179 986 2208 ex-

113 2236 261 2296 primendum
279 2236 419 2295 offerentium
435 2237 584 2291 desiderium,
602 2241 627 2281 ut
639 2236 748 2282 sacrificia
762 2237 820 2281 fiant
834 2240 878 2280 Deo
893 2239 958 2294 grata
966 2237 987 2279 et

114 2310 206 2367 accepta
219 2308 276 2367 (Lev.
292 2313 354 2362 5133
368 2309 391 2352 S.
403 2308 505 2368 Pescla).
518 2308 602 2353 Eodem
615 2308 680 2352 modo
691 2323 769 2353 eorum
780 2312 812 2353 est
823 2308 863 2368 qui
875 2308 986 2352 Christum

113 2381 137 2423 in
148 2394 171 2424 se
182 2380 311 2439 exprimunt
319 2380 421 2424 homines
428 2380 459 2424 ad
468 2380 547 2423 foedus
557 2380 595 2422 Dci
605 2380 683 2423 stabile
694 2394 719 2423 ac
728 2382 866 2438 perpetuum
875 2378 987 2422 adducere

115 2465 198 2509 eosque
208 2454 252 2493 Deo
263 2450 339 2494 sistere
349 2453 466 2509 tamquam
477 2450 615 2494 ululationem
623 2454 666 2493 Deo
675 2454 762 2506 gratam
774 2449 811 2507 (ci.
824 2452 887 2493 Rom.
901 2449 986 2508 1516).

114 2522 157 2565 Alii
177 2522 201 2564 in
219 2521 264 2564 sale
281 2524 375 2564 cernunt
396 2521 526 2579 symbolum
543 2521 664 2580 sapientiae
682 2519 713 2580 (S.
732 2521 812 2566 Pascit.
830 2520 912 2579 Mali.)
930 2535 987 2579 quae

115 2592 273 2652 acceptionon
282 2592 378 2635 multum
389 2591 464 2636 differt
473 2606 550 2647 sensn;
561 2591 644 2636 debent
654 2592 713 2636 enim
723 2593 828 2645 homines
840 2607 907 2651 opere
922 2590 987 2636 disci-

114 2665 223 2725 pulorum
244 2663 324 2708 Christi
338 2662 411 2707 imbui
429 2678 485 2708 vera
503 2663 625 2723 sapientia,
639 2664 654 2707 i.
669 2679 688 2708 e.
710 2664 814 2708 doctrina
830 2664 924 2719 Christi,
943 2677 987 2722 qua

114 2739 255 2781 seruentura
273 2736 416 2795 corruptione
429 2736 549 2795 percutiet
560 2750 604 2794 qua
619 2736 665 2779 vita
679 2750 757 2780 eorum
771 2735 882 2779 reddatur
892 2738 935 2779 Deo
950 2749 985 2778 ac-

115 2809 181 2866 cepta
193 2810 215 2850 et
228 2808 291 2865 quasi
302 2810 376 2851 sancto
387 2823 467 2867 sapore
483 2806 584 2861 condita,
598 2810 619 2851 et
632 2807 663 2851 uti
673 2807 697 2851 S.
712 2808 802 2852 Cinam.
815 2806 919 2861 adnotat,
931 2805 987 2850 siout

115 2879 148 2922 sal
161 2878 280 2922 indiscrete
292 2878 395 2923 omnibus
410 2894 466 2939 epus
477 2883 521 2934 est,
537 2879 628 2936 regibus
638 2894 664 2922 ac
681 2877 824 2937 potentibus,
842 2878 948 2922 diuitibus
961 2890 986 2920 ac

116 2949 265 3010 pauperibus,
281 2950 348 2993 servis
358 2964 383 2993 ac
394 2950 504 3006 dominis,
518 2951 550 2996 sic
564 2954 585 2994 ct
596 2949 695 2993 eoelestis
708 2949 833 3008 sapientiae
842 2950 939 2994 verbum
948 2962 986 2991 ne-

114 3020 237 3066 cessarium
250 3024 281 3063 cst
291 3021 388 3074 cunetis,
405 3041 414 3062 a
432 3023 486 3081 quia
497 3023 554 3065 sieut
569 3023 709 3080 praesentem
725 3022 785 3066 hanc
796 3022 866 3065 vitani
880 3036 926 3064 non
940 3020 985 3063 sine

113 3093 165 3138 salis
180 3106 222 3135 usu
234 3091 355 3145 lmbemus,
367 3092 399 3136 ita
414 3107 506 3151 quoque
520 3092 584 3135 illam
599 3092 666 3136 vitam
682 3097 798 3137 aeternam
812 3093 860 3137 sine
877 3092 934 3136 dono
952 3104 985 3134 sa*

112 3165 214 3224 pientiae
226 3162 315 3207 divinae
327 3162 419 3221 adipisci
429 3179 476 3207 non
486 3172 604 3222 possumus
619 3182 638 3208 a.
