2211 3575
483 224 559 283 ripen.
575 243 607 292 u,
623 242 654 281 re.
968 244 1004 283 aer

124 338 251 386 abiectione
263 341 367 388 mentis»
380 341 414 402 (S.
422 331 528 403 Pacci).
541 342 582 397 Qui
594 342 663 389 corde
676 341 770 390 humilis
783 343 824 397 est,
839 339 956 385 neminem
968 338 1007 383 de-

123 410 198 471 spicit,
206 427 288 466 omnes
298 416 424 471 reveretur,
434 417 528 476 paratus
538 417 571 460 est
580 416 642 460 omni
651 415 720 460 modo
730 413 782 460 aliie
791 426 933 459 succurrere.
941 410 1005 456 Unde

125 482 225 530 Christus
237 485 415 531 mansuetudine
428 481 450 531 et
462 487 594 541 humilitate
608 498 686 544 onmes
698 485 778 540 allicit,
791 499 883 529 omnem
895 482 1005 528 timorem

82 603 83 607 ,
122 554 205 600 a'nimis
220 555 335 600 eximitet
350 556 478 601 miserrimo
493 559 576 618 cuique
588 572 656 619 opem
670 570 736 603 suam
751 559 774 601 et
787 569 888 601 amorem
903 548 1005 600 maxime
1063 552 1064 555 ’

123 624 190 671 offert
203 625 371 672 benevolentia.
383 630 432 671 lam
442 627 496 687 quis,
506 629 548 673 teli
560 629 670 688 magistro
681 628 725 689 qui
737 641 789 673 cum
802 619 971 687 omnipotentia
982 627 1004 669 et
1030 668 1032 671 ,

71 702 73 705 “
124 695 223 742 maxima
232 697 329 743 scientia
337 696 366 757 (v.
377 697 415 757 27)
427 711 501 742 mores
510 699 585 756 iungit
595 699 739 745 suavissimos
749 699 898 759 animumque
908 696 941 742 ad
953 695 1003 757 cpi-

122 767 243 814 tulandum
255 768 454 829 promptissimum
467 769 530 814 omni
539 768 614 814 studio
623 784 646 814 se
654 770 745 814 tradere
756 764 884 815 dubitabit?
893 772 951 815 Nam
960 783 1002 829 ep·

122 840 198 898 paruit
207 839 339 898 benignitas
348 842 371 885 et
379 840 510 886 humanitas
520 840 642 906 Salpatoris
651 840 722 886 nostri
732 839 770 899 (of.
783 839 824 885 Tit.
836 843 901 896 2,11;
913 840 973 898 3‚t).'

149 978 195 1018 Non
203 978 281 1019 desunt
291 979 328 1031 qui
337 976 409 1019 discite
419 991 431 1018 c
441 991 472 1019 me
482 978 540 1032 quic,
553 970 653 1030 potentie
663 978 770 1032 explicent
779 978 806 1020 de
819 977 935 1020 virtutihus
947 969 1002 1030 quae

120 1040 235 1084 discendae
243 1039 295 1094 sint;
307 1043 380 1097 ita'cp.
390 1042 441 1098 imp.
450 1045 472 1086 et
480 1047 504 1085 ut
514 1043 579 1085 Mctct.
589 1046 656 1094 notat,
666 1042 688 1085 S.
696 1043 918 1097 Aaperttec‘sententia
929 1054 1000 1084 acon-

120 1107 274 1149 cionatorihus'
284 1111 319 1149 est
337 1108 467 1151 decantata:
483 1109 558 1152 discite
574 1121 586 1149 a
600 1121 634 1152 me
650 1120 693 1151 non
708 1109 812 1151 mundum
827 1108 939 1155 fabricare,
956 1120 1001 1149 non

64 1179 65 1182 ’
120 1173 298 1214 cunctarisibilia
308 1176 329 1214 et
339 1173 456 1232 invisibilia
466 1185 544 1223 creare,
555 1186 599 1215 non
607 1175 629 1215 in
639 1175 686 1227 ipso
696 1174 777 1217 mundo
785 1175 888 1216 miracula
898 1174 968 1215 iacere
979 1174 1000 1213 et

121 1240 216 1279 mortuos
223 1239 332 1287 suscitare,
343 1239 381 1280 sed
392 1239 495 1291 quoniam
501 1239 560 1281 mitis
571 1250 619 1280 sum
629 1242 649 1280 et
657 1240 745 1280 humilis
755 1240 818 1282 eorde
827 1239 900 1293 (serm.
909 1239 935 1278 69
946 1250 967 1278 n.
975 1239 998 1286 2;
1027 1240 1029 1242 ’

120 1302 149 1344 Μ.
162 1303 243 1356 mccl]
254 1307 275 1345 et
284 1303 384 1345 similiter
394 1302 417 1344 S.
428 1297 504 1345 Porci.
515 1303 562 1345 Ati.
576 1303 645 1345 Ticer.
659 1303 710 1344 rac.
723 1303 782 1345 Dion.
796 1303 841 1346 Cat.
852 1303 918 1346 Cotm.
931 1306 952 1344 et
962 1314 1000 1343 cur

85 1370 87 1374 '
116 1356 207 1410 omissis
221 1369 268 1410 aliis
281 1369 336 1410 haee
349 1369 391 1410 duo
405 1380 459 1420 quae
472 1369 498 1410 ab
511 1369 558 1423 ipso
572 1369 679 1410 discamus
691 1369 753 1410 nobis
766 1372 878 1423 proponat,
893 1368 1000 1410 rationem

120 1434 190 1475 reddit
201 1432 245 1482 Cat.
259 1435 309 1487 quia
318 1445 357 1486 per
369 1429 515 1476 humilitatem
530 1437 630 1487 patemus
638 1434 722 1475 divinae
732 1435 820 1487 gratiae,
832 1445 870 1487 per
882 1433 1001 1475 mititatem

120 1501 216 1552 patemus
223 1499 355 1547 hominibus
364 1499 447 1540 tollitur
457 1500 565 1552 superbia,
574 1499 657 1540 tollitur
666 1494 782 1540 iracundia.
791 1501 860 1551 Atque
870 1499 921 1548 addi
929 1501 1001 1551 potest

120 1564 159 1605 has
169 1565 258 1605 virtutes
268 1565 291 1604 in
302 1576 324 1605 se
336 1576 457 1617 proponere
467 1564 637 1616 Christumquia
649 1565 687 1605 hes
694 1565 778 1605 'eximio
787 1564 851 1605 modo
864 1565 887 1605 in
897 1575 935 1605 sue
948 1557 1000 1604 con-

120 1630 238 1671 versatione
248 1628 343 1671 ostendit
350 1633 371 1670 et
379 1629 429 1681 quia
438 1630 478 1670 hae
489 1629 578 1671 virtutes
587 1629 681 1670 maxime
691 1624 802 1670 censerunt
810 1629 837 1670 ad
846 1629 999 1671 inveniendam

118 1698 140 1735 et
151 1694 283 1737 retinendam
294 1689 390 1746 quictem
401 1695 477 1744 animm
489 1706 514 1735 ex
524 1695 625 1747 superbia
633 1694 690 1735 enim
700 1697 722 1735 et
731 1694 810 1736 ferocia
819 1697 875 1735 totus
885 1695 929 1735 fere
939 1705 998 1737 mor·
1008 1726 1009 1729 ,

118 1761 194 1802 talium
202 1761 309 1801 tumultus
320 1760 423 1809 nescitur,
435 1763 460 1802 ut
469 1759 527 1801 Idas.
538 1760 574 1801 ait.
585 1761 637 1802 litut
649 1759 702 1800 haee
711 1771 760 1801 vera
772 1762 829 1809 sunt,
839 1762 913 1801 tamen
922 1759 998 1801 dieen-

119 1826 172 1867 dum
182 1826 222 1867 erit
235 1837 286 1866 cum
297 1813 364 1866 Mcld.
379 1837 423 1866 non
436 1836 483 1867 esse
497 1826 607 1878 propriam
620 1825 826 1878 interpretationem.
837 1823 938 1874 Illudtu,
950 1825 1000 1879 pcto

118 1892 145 1933 de
155 1892 238 1933 ratione
248 1902 287 1933 cur
299 1891 403 1943 magister
415 1890 525 1932 adeundus
536 1891 564 1931 sit
577 1892 685 1943 exponunt
695 1890 717 1931 S.
732 1888 777 1930 Hit.
789 1888 854 1932 Mcld.
868 1882 997 1944 lace‘sptc.

118 1956 171 2010 Lep.
179 1955 216 2008 Sc,
225 1955 281 1997 Mem
291 1955 366 2009 Lamp,
376 1955 429 1995 Arc.
438 1955 497 2010 Bisp.
507 1954 593 2010 Sciepp,
603 1954 680 1997 Grimm
690 1956 716 1998 IV
722 1960 747 2014 p.
757 1954 998 2008 ituresnimium,

80 2011 81 2014 ¹
117 2021 159 2062 lut.
170 2024 191 2062 et
198 2021 318 2074 generatim
328 2021 465 2062 recentiores.
478 2022 548 2074 Atque
557 2022 610 2079 haec
619 2020 732 2073 explicatio
741 2020 780 2061 erit
790 2022 888 2071 tenenda,
898 2022 1000 2063 namhoc

118 2088 163 2127 loco
177 2086 273 2128 Christus
287 2098 332 2127 non
346 2086 436 2139 explieat
449 2086 528 2138 inqua
541 2097 564 2126 re
579 2096 617 2128 sua
632 2085 736 2126 consistat
751 2086 856 2136 doctrina,
873 2086 912 2127 sed
928 2088 998 2128 solum

117 2153 211 2205 seipsum
225 2154 339 2205 tamquam
351 2151 476 2204 magistrum
491 2151 593 2204 proponit
608 2151 644 2203 qui
659 2150 759 2191 omnibus
772 2151 814 2191 illis
830 2151 910 2204 optime
925 2152 953 2192 sit
967 2153 998 2193 in-

117 2219 208 2259 structus
219 2216 298 2270 quihus
313 2217 413 2258 homines
426 2219 451 2257 ut
464 2228 487 2257 se
500 2216 519 2256 ei
532 2216 617 2257 tradant
629 2216 652 2256 in
662 2215 797 2269 disciplinam
805 2213 892 2259 'moveri
905 2218 997 2270 possint.

117 2285 169 2335 Ergo
182 2293 227 2323 non
241 2281 295 2322 dicit
308 2280 418 2333 quidese
432 2281 559 2322 discendum
573 2281 606 2329 sit,
619 2281 655 2321 sed
670 2292 707 2322 cur
721 2281 847 2322 discendum
859 2283 893 2323 sit.
907 2283 999 2336 Insuper

116 2348 202 2389 adverte
210 2346 233 2388 id
242 2346 302 2399 quod
312 2346 414 2398 inpriore
425 2346 530 2387 sententia
537 2346 665 2399 proponitur
674 2357 701 2388 ne
712 2345 802 2398 exprimi
812 2346 900 2398 quidem
910 2348 998 2400 proprie

115 2413 168 2466 ipsis
181 2410 259 2454 verbis.
275 2411 331 2461 Quid
345 2411 404 2453 enim
419 2410 545 2453 discendum
561 2413 593 2452 est
605 2411 627 2452 vi
641 2411 755 2452 verborum
770 2411 793 2453 in
807 2411 844 2452 illa
858 2412 997 2471 acceptione?

55 2484 59 2490 '
117 2490 166 2520 sane
175 2489 222 2520 esse
233 2471 310 2519 mitem
321 2479 343 2518 et
354 2476 460 2519 humilem
471 2477 554 2526 Iesum,
565 2476 587 2517 id
596 2476 666 2518 solum
678 2476 834 2526 enuntiaretur3
849 2478 907 2530 quod
917 2477 949 2519 illi
960 2490 996 2520 vo-

94 2593 95 2598 *
116 2546 163 2585 lunt
172 2554 211 2584 nos
222 2543 300 2584 dehere
310 2542 349 2583 has
360 2543 449 2583 virtutes
459 2542 542 2584 discere
553 2543 579 2583 ah
590 2553 615 2584 eo
626 2544 647 2583 et
652 2542 773 2584 imitatione
784 2542 910 2595 exprimere,
922 2543 997 2586 imme·

94 2603 97 2661 t
115 2609 172 2650 dicte
181 2619 225 2650 non
232 2606 312 2648 dicitur
322 2609 359 2649 sed
366 2610 437 2661 potest
446 2608 515 2649 solum
525 2607 597 2660 colligi
605 2608 704 2666 ulteriore
711 2608 804 2661 quadam
815 2608 917 2649 illatione.
928 2610 997 2662 Atque

95 2666 96 2710 j
117 2674 192 2715 meritc
201 2674 276 2714 contra
284 2672 380 2724 priorem
387 2672 551 2728 explicationem
560 2673 638 2726 excipit
645 2672 702 2714 Icus.
715 2684 800 2726 quoque
809 2674 886 2726 exponi
894 2685 934 2726 pcr
944 2674 996 2716 illud

115 2738 186 2782 discite
196 2750 247 2780 ame
258 2737 317 2792 quod
327 2740 389 2778 antea
399 2738 481 2780 dictum
492 2739 520 2779 sit
528 2736 592 2779 toilite
602 2739 673 2793 triptici
685 2750 750 2780 mecm
762 2750 825 2792 super
834 2749 881 2790 ccs‚·
893 2753 903 2775 x
914 2739 938 2779 in
948 2751 995 2781 sus-

115 2805 213 2858 cipiendo
224 2806 297 2845 autem
307 2803 381 2855 iugum
395 2798 472 2844 Christi
485 2814 528 2844 non
540 2803 609 2844 solum
623 2803 737 2844 includitur
750 2805 773 2843 ut
785 2802 877 2845 humiles
891 2803 961 2847 simus
976 2808 997 2847 et

94 2876 96 2880 ·
115 2870 185 2917 mites,
196 2870 234 2910 sed
250 2870 316 2911 etiam
329 2871 353 2909 ut
366 2867 432 2908 schrii
448 2868 516 2909 simus
527 2871 548 2909 et
562 2869 646 2927 castici
660 2878 724 2921 super
737 2868 846 2911 omniaut
862 2871 932 2911 Deum
945 2882 995 2924 prae

114 2934 213 2975 omnibus
226 2938 246 2974 et
259 2945 335 2976 omnes
348 2936 435 2988 propter
447 2935 517 2975 Deum
530 2944 633 2984 amemus
645 2933 675 2973 ita
688 2935 712 2975 ut
721 2933 739 2974 si
750 2934 802 2987 quid
812 2947 824 2977 a
835 2946 857 2976 se
869 2935 995 2977 discendum

116 3003 170 3041 esset
179 2999 317 3051 singulariter
325 3000 430 3054 explicare
439 2998 551 3047 voluisset,
563 2998 679 3041 dicendum
686 3000 759 3053 potius
769 3001 832 3042 fuerit
842 3012 846 3041 z
857 3001 933 3043 discite
941 3014 953 3042 a
961 3013 995 3041 me

115 3065 170 3119 quod
183 3064 292 3106 caritatem
306 3066 333 3105 ad
344 3077 420 3107 omnes
430 3066 529 3107 habeam.
539 3066 591 3106 Nam
604 3065 645 3106 hoe
659 3068 691 3107 est
703 3066 791 3108 unicum
803 3066 856 3109 illud
870 3067 994 3109 mandatum

114 3131 172 3185 quod
182 3130 204 3171 in
213 3129 330 3171 novissima
340 3143 407 3172 coena
417 3132 548 3173 discessurus
555 3131 658 3173 Dominus
667 3133 700 3173 sui
711 3133 807 3187 exemplo
816 3132 927 3186 discipulis
938 3142 994 3173 com·
1027 3172 1029 3175 ,
1081 3143 1082 3147 ’

42 3251 43 3254 ¹
114 3196 219 3238 mendavit
230 3195 283 3237 etin
294 3206 336 3246 quo
347 3197 425 3237 Paulus
436 3197 489 3239 dicit
499 3197 609 3250 adimpleri
619 3197 688 3251 legem
698 3197 773 3240 Christi
783 3214 799 3238 ».
