2211 3575
420 217 495 247 narra.
512 208 545 255 13,
562 207 596 247 35.“
765 250 767 252 .
781 266 783 270 Ι
912 206 950 246 595
994 187 995 190 Ἰ

68 307 131 352 initio
139 306 229 352 indicat
241 308 335 358 dicens:
350 309 461 353 attendite
469 308 546 366 legem
558 321 640 362 meam,
657 311 708 371 min
719 307 735 351 i.
747 322 767 352 e.
779 304 948 351 institutionem

68 378 105 424 vel
115 378 252 424 doctrinam.
268 379 320 423 Ideo
335 383 430 441 eventus
444 380 496 424 illos
508 383 576 424 vocat
586 378 724 439 parobolam
735 371 849 443 bpp‘quia
863 375 948 420 inillis

68 450 172 496 doctrina
188 450 323 507 continetur,
339 455 406 496 vocat
419 466 457 496 eos
472 450 615 504 abscondita,
632 451 765 508 aenigmata
778 451 794 494 i.
812 465 831 495 e,
847 446 947 492 describi

68 521 147 567 inillis
156 525 251 582 praeter
260 537 336 567 rerum
345 526 463 581 gestarum
473 521 581 565 corticem
592 523 736 565 sacramenta
745 536 833 579 quoque
847 520 947 565 abscon-

15 640 17 644 ,
69 593 116 638 dita
133 593 167 653 (S.
187 593 262 654 Hier.)
277 594 359 654 quibus
373 593 479 638 universa
494 593 561 650 regni
580 592 619 636 Dei
635 591 804 636 administratio
818 591 947 636 delineatur

51 714 52 724 ,
70 665 107 723 (of.
124 666 148 710 S.
163 666 246 710 Poscb.
265 666 340 710 Thena.
360 664 409 710 eat.
429 665 488 709 [cns.
503 665 561 708 Arn.
579 664 673 723 Scheqp,
692 662 759 723 Fit).
788 661 853 707 lerito
867 662 956 721 itaque

69 737 183 781 enarratio
197 741 318 782 eventuum
331 736 426 781 illorum
442 736 472 780 ad
488 736 602 780 rationem
619 735 746 795 parabolae
761 749 799 785 seu
816 732 948 794 similitudi-

69 807 128 852 narii
138 810 250 853 sermonis
267 807 336 867 (Coi.)
351 807 477 852 reducitur.
727 854 731 865 λ
959 809 961 816 ⁴

98 882 144 923 Iam
155 894 215 938 quae
228 882 261 923 est
269 879 385 939 probandi
395 879 442 923 vis?
454 878 524 923 Matri.
536 878 631 938 quidem
644 880 750 922 autumat
757 877 819 922 nolle
829 876 947 934 evangeli-

68 952 126 993 stam
137 946 221 995 do'oere
232 951 377 1010 prophetiam
391 966 403 995 a
415 951 501 995 Christo
511 951 605 1010 proprie
614 950 734 1009 impletam
745 963 799 1003 esse,
812 948 851 993 sed
860 947 914 992 eum
923 950 948 992 ut

69 1020 139 1065 soleat
149 1022 212 1080 quod
222 1023 266 1066 alio
278 1037 345 1066 sensu
359 1022 447 1066 dictum
456 1024 520 1075 esset,
532 1036 581 1065 non
595 1022 624 1065 ad
637 1022 737 1066 eundem
751 1021 790 1065 sed
804 1020 833 1064 ad
846 1019 946 1064 similem

69 1106 159 1136 sensum
176 1093 368 1137 accommodasse.
381 1097 441 1145 Quae
454 1096 532 1136 tamen
548 1092 668 1152 explicatio
685 1091 776 1136 admitti
789 1085 878 1151 nequit,
894 1105 946 1135 cum

69 1163 139 1207 verba
148 1172 175 1207 ct
186 1163 317 1223 impleretur
330 1167 373 1208 etc.
390 1164 479 1208 obstent
491 1179 568 1224 neque
582 1165 639 1208 haec
651 1163 680 1207 ad
690 1177 782 1208 sensum
792 1163 848 1207 adeo
858 1163 946 1222 impro-

68 1234 145 1293 prium
154 1235 314 1294 detorquenda
323 1236 375 1280 sint.
388 1239 467 1295 ltaque
474 1236 566 1297 adverti·
574 1238 671 1294 oportet,
684 1235 807 1288 Christum,
818 1234 851 1278 nti
860 1248 945 1279 munus

68 1306 157 1362 regium
165 1310 188 1350 et
193 1306 331 1351 sacerdotale
339 1307 365 1350 in
371 1321 395 1351 se
404 1307 508 1366 implevit
518 1310 542 1351 et
549 1306 653 1357 absolvit,
662 1306 670 1350 i
681 1322 693 1350 a
702 1309 820 1365 tamquam
829 1320 950 1362 summum,

68 1378 206 1436 prophetam
217 1378 285 1421 etiam
295 1392 321 1421 ea
332 1392 392 1436 quae
401 1378 501 1421 muneris
512 1380 580 1421 erant
589 1376 733 1437 prophetalis
739 1377 764 1420 in
772 1391 795 1420 se
802 1375 944 1436 expressisse.
989 1381 991 1384 ’

69 1451 140 1498 Quare
155 1464 215 1507 quae
229 1448 257 1493 de
271 1448 390 1508 prophetis
409 1448 536 1493 dictasunt
555 1449 631 1506 figura
645 1448 760 1508 quaedam
773 1451 825 1492 sunt
840 1450 862 1491 et
877 1450 947 1506 typus

68 1534 138 1578 eaque
151 1519 287 1578 perfectiore
294 1520 362 1564 modo
372 1520 397 1563 in
407 1519 500 1575 Christo,
510 1520 586 1580 capite
596 1520 775 1579 prophetarum,
790 1519 892 1564 relucere
906 1518 946 1563 de-

67 1590 128 1634 bent.
145 1593 225 1649 ltaque
235 1590 293 1634 sieut
305 1592 328 1634 in
339 1590 437 1648 singulis
447 1592 494 1635 lere
508 1590 628 1651 prophetis
637 1590 715 1650 aliqua
728 1591 828 1635 cernitur
840 1589 900 1634 ratio
910 1593 946 1648 ty-

67 1660 116 1718 pica
127 1661 247 1705 Christi—
255 1662 288 1712 uti
298 1662 423 1721 praecipue
435 1662 460 1706 in
468 1663 548 1717 David,
562 1662 626 1717 isaia,
639 1662 741 1716 Ieremia,
752 1665 805 1706 lona
818 1689 846 1695 -
854 1661 888 1705 ita
896 1661 945 1721 ipse

67 1747 158 1791 quoque
170 1732 269 1776 docendi
280 1734 362 1778 modus
373 1749 386 1777 a
399 1734 517 1793 prophetis
528 1737 674 1793 usurpatusa
685 1733 774 1778 Christo
785 1733 893 1777 adhiberi
903 1733 944 1776 de-

66 1802 122 1847 buit.
139 1803 204 1848 Unde
222 1804 293 1848 verba
305 1804 353 1858 illa,
374 1807 425 1849 utut
439 1804 574 1864 'psalmistae
590 1808 613 1849 et
627 1805 756 1865 prophetae
771 1804 909 1849 conveniunt
923 1807 945 1849 et

66 1874 121 1932 qiua
136 1875 288 1929 conveniunt,
306 1876 396 1935 potiore
414 1877 503 1921 ratione
518 1876 641 1921 convenire
656 1876 741 1921 debent
758 1877 856 1933 Christo,
873 1876 945 1936 capiti

65 1938 239 2004 prophetarum.
251 1946 291 1990 llle
304 1947 366 1990 enim
376 1948 402 1991 in
411 1947 526 2006 parabolis
537 1948 631 2007 proprie
642 1947 709 1992 dictis
723 1962 748 1992 os
757 1947 854 2007 aperuit,
864 1962 945 1992 rerum

65 2015 172 2075 exemplis
190 2020 212 2059 et
228 2015 417 2062 similitudinibus
433 2034 486 2063 usus
501 2019 531 2063 ad
550 2018 597 2063 alta
613 2019 722 2077 mysteria
738 2019 886 2075 declaranda,
904 2019 944 2064 ille

65 2102 122 2146 quae
137 2087 166 2131 ab
179 2087 246 2131 initio
256 2088 392 2133 abscondita
407 2079 478 2144 erant,
493 2089 574 2133 divina
587 2090 615 2133 de
629 2104 702 2147 regno
718 2090 758 2134 Dei
771 2090 866 2134 consilia
877 2104 944 2134 enar-

63 2158 122 2202 ravit
136 2159 174 2217 (ct.
188 2158 234 2203 Col.
251 2159 320 2217 136).
334 2159 436 2205 Christus
448 2161 518 2217 igitur
533 2175 583 2205 sese
599 2160 703 2205 exhibuit
719 2160 789 2205 talem
806 2161 846 2220 qui
858 2175 944 2205 munus

63 2229 225 2288 propheticum
235 2230 263 2274 ad
274 2231 362 2289 apicem
374 2232 516 2290 perduceret,
530 2232 556 2275 in
565 2232 615 2290 ipsa
626 2232 737 2287 doctrina,
751 2247 819 2291 quam
832 2233 863 2276 uti
874 2247 943 2292 saepe

63 2300 149 2354 monui,
163 2301 281 2345 doctrinae
294 2302 461 2362 prophetarum
474 2302 619 2362 superstruit,
633 2303 657 2346 in
666 2303 735 2346 modo
747 2303 850 2357 docendi,
866 2304 891 2346 in
900 2303 943 2347 mi-

62 2371 151 2425 raculis,
166 2371 191 2414 in
204 2372 402 2430 persecutionibus
415 2388 504 2432 quoque
521 2377 544 2417 et
558 2378 630 2417 morte
644 2373 681 2433 (cl.
697 2373 774 2419 blatth.
792 2379 854 2428 5,12;
872 2378 942 2428 23,30

62 2456 109 2502 seq.
120 2446 173 2488 Luc.
187 2447 255 2497 13‚33
268 2458 272 2488 :
283 2443 337 2503 qnia
349 2459 397 2488 non
410 2443 470 2503 capit
482 2444 622 2503 prophetam
635 2444 712 2503 perire
723 2444 785 2488 extra
798 2444 941 2505 Ierusalem).

213 2587 229 2629 f)
242 2587 371 2629 Explicatio
385 2590 509 2630 parabolae
523 2588 662 2623 zizaniorum
677 2590 789 2633 13,3e-43.

86 2700 152 2742 lats„
161 2699 215 2732 Tunc
230 2698 311 2733 dimissis
327 2701 387 2733 turbis
402 2702 453 2735 venit
470 2703 488 2734 in
538 2702 598 2745 lass.
606 2685 646 2747 T⁶l²
655 2699 699 2747 ἀφεὶς
709 2700 812 2747 τοὺςόχλους
822 2698 872 2744 ἦλθεν
882 2700 904 2740 εἰς
912 2700 942 2744 τὴν

60 2759 135 2792 domum
149 2761 167 2792 et
181 2762 299 2792 accesserunt
312 2759 393 2795 adeum
404 2760 488 2803 discipuli
510 2756 574 2802 οἰκίαν,
585 2757 612 2792 rai
624 2758 721 2805 προσῆλθαν
732 2758 777 2804 αὐτῷ
785 2758 798 2792 u
809 2758 881 2805 μαθηταὶ
892 2758 942 2793 αὐτοῦ

60 2819 100 2851 eius
110 2819 194 2852 dicentes
206 2824 210 2834 ’
222 2818 302 2851 edissere
312 2819 367 2852 nobis
380 2820 488 2861 parabolam
509 2816 594 2864 λέγοντες·
612 2818 713 2864 brandonum
733 2817 774 2863 ἡμῖν
794 2815 823 2860 τὴν
843 2817 942 2864 παραὲολὴν

60 2877 173 2909 zizaniorum
185 2877 232 2918 agri.
248 2876 275 2910 37.
287 2877 451 2919 correspondens
463 2880 488 2911 ait
509 2880 542 2911 τῶν
556 2877 633 2917 ζιζανίων
646 2879 673 2911 τοῦ
684 2876 743 2923 ἀγροῦ,
756 2878 784 2912 37,
795 2876 804 2910 ὁ
817 2876 833 2911 δὲ
847 2876 943 2922 ἀποκριθεὶς

60 2936 97 2968 illis
105 2944 109 2967 1
117 2936 147 2977 qui
155 2936 311 2969 seminathonum
321 2944 387 2969 semen
396 2938 424 2969 est
431 2926 487 2971 Filius
509 2934 563 2971 εἶπεψ
575 2935 660 2982 ὁσπεῐρων
670 2936 688 2969 r'o
699 2935 751 2969 καλὸν
761 2941 825 2983 σπέρμα
835 2936 878 2971 ἐστὶν
889 2936 942 2979 octbr

60 2995 145 3035 hominis,
162 2994 192 3026 38.
210 3003 255 3035 ager
271 2999 332 3029 antem
352 2997 381 3028 est
400 2996 485 3036 mundus,
508 2997 537 3029 τοῦ
553 2993 644 3040 ἀνθρώπου,
660 2996 688 3030 la.
703 2993 712 3027 ὁ
727 2993 745 3028 δὲ
758 2993 807 3041 ἀγρός
823 2996 866 3032 ἐστιν
880 2996 889 3030 ὁ
902 3000 942 3033 κόσ-

59 3054 127 3086 bonum
142 3061 187 3086 vcro
202 3061 267 3085 semen
283 3056 302 3087 hi
318 3058 362 3088 sunt
380 3054 412 3087 filii
427 3056 485 3097 regni,
509 3066 546 3100 por,
561 3052 580 3087 τὸ
593 3052 669 3088 esraite
686 3054 752 3100 σπέρμα
768 3050 813 3089 οὗτοί
826 3054 866 3090 εἰσιν
881 3055 896 3090 οἱ
909 3055 942 3090 υἱοὶ

59 3114 129 3146 zizania
138 3114 201 3146 autem
213 3110 299 3145 filiisunt
310 3123 399 3157 nequam,
412 3115 439 3148 39.
451 3115 486 3147 ini·
508 3114 537 3155 τῆς
551 3111 640 3158 βασιλείας,
651 3111 671 3147 τὰ
684 3112 702 3147 δὲ
715 3113 782 3153 ζιζάνιά
795 3113 833 3148 εἰσιν
843 3114 858 3148 οἱ
869 3113 902 3148 υἱοὶ
912 3116 940 3148 τοῦ

60 3172 117 3205 micus
127 3174 191 3207 autem
202 3172 233 3215 qui
243 3172 340 3206 seminavit
350 3182 373 3206 ea
384 3175 411 3207 est
422 3175 485 3208 diabo-
509 3172 590 3219 πονηροῦ,
600 3173 628 3208 39.
638 3171 647 3207 ὁ
657 3172 674 3208 δὲ
684 3172 744 3220 ἐχθρὸς
755 3172 796 3208 ἐστιν
806 3173 814 3208 ὁ
824 3174 890 3222 σπείρας
900 3171 940 3207 αὐτὰ

335 3232 465 3266 Knnncnunuun
476 3243 493 3266 in
505 3235 574 3266 llnrrn.
587 3235 599 3266 l.
612 3255 631 3260 —
643 3239 667 3270 20.
