2239 3511
122 189 161 229 rou
465 170 540 231 mun
555 153 657 237 esee-ro.

120 292 204 337 iniuria
216 291 262 336 scil.
275 305 334 350 quae
344 289 444 333 infertur
452 289 550 348 corpori,
562 288 629 333 bonis
641 290 748 346 externis,
760 291 841 336 honori
853 297 875 337 et
886 294 995 341 libertati.

121 364 184 409 Hisce
198 361 275 406 omnia
288 360 385 405 iniuriae
400 375 487 418 genera
500 360 737 425 comprehenduntur„
752 364 806 406 Rem
825 378 878 408 vero
896 366 997 413 Christus

121 434 220 479 declarat
233 431 361 492 exemplis:
375 432 414 476 red
425 431 445 476 si
459 432 546 491 paiste
559 432 698 492 percurrerit
706 433 731 478 in
744 433 863 480 deuterum
876 436 997 482 maxiltam

120 517 191 561 return,
200 505 282 565 pruche
292 502 328 548 ue·
339 512 361 548 et
370 503 481 561 alternae
490 504 531 548 sed
542 519 583 549 cur
594 504 700 550 dexterae
714 505 801 551 mentio
813 507 845 561 fit,
859 523 910 553 cum
920 513 996 553 tamen

119 579 192 636 magis
202 577 291 622 sinistra
302 576 458 637 percutiatur?
470 575 511 635 qui
521 575 585 621 enim
597 577 704 636 percutit,
715 577 806 622 deutera
818 581 918 638 percutit
927 580 995 625 ictus-

119 665 163 709 que
182 650 254 695 fertur
270 650 295 693 in
307 647 422 693 sinistram
437 647 533 693 alterius
547 649 670 693 maxillam.
687 643 795 693 Subtilius
810 652 842 694 est
862 653 926 710 quod
938 667 996 696 non-

118 721 188 765 nullis
198 720 284 780 placuit
295 720 372 765 notari
383 719 454 765 ictum
467 719 579 770 leviorem
591 736 616 765 ec
632 720 743 774 debilem3
755 721 836 767 melius
853 722 907 767 dicit
921 724 971 768 Met
977 723 993 767 t.

119 792 232 838 Christum
248 807 295 837 non
315 790 423 838 caedendi
439 792 479 837 sed
497 791 609 852 loquendi
625 806 691 838 usum
708 807 756 839 esse
773 796 887 849 secutum,
905 810 950 855 quo
968 796 995 840 de

119 865 210 909 dextere
223 867 287 924 parte
300 879 389 924 semper
400 864 477 923 priore
490 862 541 907 loco
556 864 695 908 mentionem
709 865 784 910 facere
798 866 896 910 solemus
907 871 929 911 et
939 868 995 911 solet

118 935 244 995 Scriptura3
259 935 283 980 in
293 934 384 980 deutera
396 933 497 992 intelligi
511 937 603 994 partem
617 934 764 991 nobiliorem&
774 937 873 996 proinde
886 937 994 983 iniuriam

117 1022 226 1065 magnam
242 1006 331 1051 illatam
346 996 386 1051 alii
402 1006 518 1066 explicant
534 1005 573 1064 (ci.
591 1006 666 1065 Bur.);
684 1006 717 1050 ita
729 1007 775 1051 iam
792 1008 816 1053 S.
834 1009 894 1069 App.
914 1024 922 1053 .·
940 1028 950 1050 u
964 1011 995 1054 sic

117 1079 217 1137 intelligi
224 1078 280 1123 solet
289 1094 314 1124 ac
322 1079 340 1123 si
349 1077 435 1123 dictum
444 1079 502 1122 esset
511 1091 516 1122 :
528 1076 547 1121 si
558 1076 609 1137 quis
617 1078 642 1122 in
650 1080 673 1122 te
682 1077 777 1123 meliora
786 1079 855 1124 fuerit
863 1083 994 1141 persecutus

118 1156 140 1195 et
154 1151 263 1195 interiora
276 1151 296 1195 ei
308 1149 400 1211 praebe,
418 1164 447 1194 ne
463 1149 579 1194 vindictae
591 1148 668 1209 potius
681 1164 752 1210 quam
766 1151 890 1211 patientioe
904 1153 994 1197 studens

117 1226 249 1268 contemnas
262 1224 356 1267 aeterna
364 1236 407 1282 pro
422 1220 614 1281 temporalibus»
628 1220 673 1281 (ep.
692 1226 733 1267 138
749 1237 772 1267 n.
792 1226 831 1278 123
849 1225 879 1267 M.
893 1225 992 1285 33‚530).

117 1298 175 1340 Haec
186 1298 263 1339 autem
276 1293 396 1354 percussio,
410 1296 435 1337 ut
445 1294 469 1338 S.
489 1292 568 1351 chrys.
580 1295 652 1347 notet,
668 1293 767 1339 maxime
779 1294 892 1353 probrosa
906 1299 929 1340 et
941 1311 994 1340 con-

117 1366 239 1411 tumeliosa
249 1365 380 1419 videbaturt
390 1380 460 1424 quare
473 1366 498 1408 in
509 1380 536 1409 ea
545 1364 623 1422 legem
631 1364 718 1421 statuit,
728 1380 759 1409 ne
771 1365 892 1410 turbemur
904 1367 993 1426 quidvis

117 1438 180 1482 aliud
196 1436 319 1497 patientes„
332 1436 357 1481 id
372 1439 397 1481 ut
412 1437 514 1480 feramus
529 1438 624 1496 propter
640 1450 704 1495 spem
722 1437 836 1480 bonorum
852 1438 991 1493 futurorum,

116 1513 210 1554 monent
224 1508 312 1559 S.,Hit.
329 1507 433 1565 Ghrom.;
448 1506 514 1551 addit
529 1507 554 1551 S.
570 1507 650 1567 Glupa.
668 1521 777 1565 magnam
790 1507 844 1552 inde
861 1509 993 1554 adversario

116 1595 207 1641 quoquc
221 1580 357 1625 exoriturum
368 1579 503 1632 utilitatem
516 1593 571 1622 narn
582 1596 593 1619 u
604 1578 692 1638 pudere
702 1579 799 1624 suffusus
809 1595 856 1625 non
867 1581 992 1626 secundum

116 1654 237 1713 colaphum
247 1651 369 1713 impinget3
380 1652 450 1696 immo
458 1651 527 1695 etiam
538 1650 566 1694 de
575 1650 653 1710 priore
661 1664 710 1695 sese
718 1651 850 1707 damnabit;
860 1652 920 1697 nihil
931 1655 991 1698 enim

95 1715 97 1721 ¹
115 1725 146 1770 ita
160 1724 275 1782 laedentes
290 1723 387 1779 cohibet,
404 1727 429 1767 ut
440 1736 496 1766 cum
506 1722 563 1766 laesi
578 1722 685 1766 iniuriam
702 1722 803 1767 modeste
817 1724 902 1779 ferunt,
919 1740 991 1784 neque

115 1796 184 1840 modo
194 1797 276 1840 retinet
287 1796 399 1856 impetum
407 1810 436 1839 ne
447 1794 546 1838 ulterius
556 1793 700 1853 procedatur,
714 1793 754 1838 sed
764 1794 868 1839 etiamid
878 1795 954 1852 efficit,
967 1799 992 1840 ut

116 1869 144 1913 de
154 1868 213 1912 facto
224 1882 259 1911 eos
268 1868 382 1926 poeniteat
393 1884 413 1910 u.

144 1942 195 1984 Post
206 1938 330 1997 corporalis
339 1937 436 1983 iniuriae
445 1937 592 1981 tolerantiam
605 1937 653 1981 vult
665 1951 706 1981 nos
717 1938 825 2002 Dourinus
836 1940 903 1983 etiem
914 1955 991 1985 rerum
1040 1940 1044 1946 ’

116 2010 267 2057 saecularium
280 2011 365 2055 hahere
375 2011 530 2069 contemptum
542 2007 666 2068 (Chroru.)=;
680 2009 743 2054 unde
754 2025 775 2055 vu
788 2013 815 2054 m
827 2011 879 2055 etei
892 2011 991 2071 quieuit
1038 2006 1040 2008 '

116 2091 189 2129 tecum
202 2080 288 2127 iudicio
301 2081 433 2127 contendere
448 2089 469 2125 et
479 2080 584 2125 tricicum
595 2089 658 2125 trium
672 2080 759 2138 tollere,
773 2081 864 2127 diurittc
877 2083 898 2127 et
908 2092 931 2128 et
940 2085 991 2143 pul-

116 2155 186 2212 licum·
194 2152 270 2198 tunica
280 2155 346 2198 vestis
359 2155 392 2197 est
401 2152 506 2207 interior,
519 2167 546 2196 ex
556 2153 625 2196 linteo
635 2152 671 2196 vel
679 2154 788 2212 gossypio
797 2154 911 2209 confecte;
922 2156 991 2200 ctiam

115 2227 152 2271 hic
161 2226 257 2286 pallium
271 2225 403 2269 nominatur
416 2227 440 2268 ut
453 2238 490 2269 res
500 2224 575 2282 magis
587 2238 651 2278 cara;
662 2224 760 2283 pallium
770 2226 912 2286 pauperihus
922 2227 991 2272 etiam

113 2302 182 2342 noctu
192 2313 233 2357 pro
246 2300 379 2356 tegumento
388 2296 536 2351 inserviebat,
551 2311 622 2355 quare
634 2296 686 2354 lege
698 2293 790 2341 cautum
802 2300 858 2351 erat,
872 2301 898 2342 ut
912 2300 930 2343 si
939 2301 989 2359 pal-

114 2371 170 2415 lium
180 2373 295 2429 tamqnam
308 2370 390 2429 pignus
403 2371 460 2414 essct
471 2369 558 2422 datum,
574 2367 599 2411 id
608 2367 742 2412 redderetur
756 2372 809 2412 ente
820 2369 873 2414 solis
886 2385 990 2415 occasum

116 2442 160 2501 (hx.
179 2445 254 2496 cnud.
270 2444 333 2485 Deut.
352 2439 440 2500 ut‚13);
458 2439 520 2483 unde
537 2454 647 2497 magnum
662 2439 733 2483 animi
749 2439 954 2500 promptitudinem
969 2446 990 2487 et

115 2513 255 2557 alacritatem
263 2512 291 2557 in
307 2510 425 2557 subeunde
439 2510 559 2554 vexatione
578 2509 685 2554 Dominus
700 2509 812 2568 designet,
827 2527 879 2557 cum
893 2514 989 2573 pallium

114 2600 205 2648 quoque
222 2584 304 2629 iniuste
320 2582 444 2644 postulanti
459 2581 586 2627 concedere
603 2582 682 2626 iubeat
692 2581 793 2642 insuper,
811 2585 871 2644 quod
887 2600 916 2629 ne
931 2585 989 2630 iuste

90 2651 91 2654 ¹
113 2662 230 2719 acceptum
242 2655 327 2702 diutius
340 2656 476 2701 retineretur
485 2654 538 2713 lege
550 2654 667 2714 provisum
684 2658 739 2699 crat.
755 2658 781 2700 Et
793 2671 850 2715 quae
861 2656 915 2700 iude
926 2658 988 2702 utili-

112 2734 146 2776 tas
166 2729 249 2775 haberi
267 2729 344 2790 possit,
363 2729 387 2774 S.
402 2728 479 2788 Chrys.
496 2727 644 2788 prosequitur
661 2742 666 2773 :
683 2745 694 2768 u
712 2728 767 2772 dum
787 2729 848 2771 enim
866 2728 906 2772 illc
924 2733 989 2789 putat

113 2818 224 2860 magnum
238 2816 284 2847 esse
302 2801 375 2846 aliena
392 2802 489 2857 auterre,
507 2802 533 2846 tu
546 2815 599 2844 vero
612 2798 712 2845 ostendis
726 2800 771 2858 ipsi
785 2799 828 2843 tibi
842 2799 988 2861 inpromptu

115 2890 160 2920 esse
175 2875 215 2918 illa
230 2875 298 2919 etiam
312 2874 365 2918 [lare
376 2889 433 2933 quae
447 2873 496 2934 ipse
510 2887 559 2917 ncn
572 2872 628 2932 petit
642 2874 664 2916 et
677 2885 775 2931 pronam
789 2871 930 2917 alacritatem
941 2874 989 2918 eius

113 2945 204 3006 inopine
213 2945 426 3004 philosophiamque
437 2946 484 2990 eius
498 2944 619 3004 rapacitati
632 2942 736 3002 opponis,
749 2943 868 2988 considera
879 2948 988 3003 quantam

113 3019 152 3063 illc
162 3016 275 3078 percipiat
287 3017 420 3071 doctrinam,
434 3032 482 3062 nou
496 3032 523 3061 ex
535 3016 620 3070 verbis,
634 3014 674 3058 sed
687 3014 831 3073 exoperibus
845 3016 948 3061 cruditus
959 3016 987 3061 ad

113 3087 326 3151 parvipendendum
333 3088 458 3147 nequitiam
470 3092 492 3133 et
502 3089 610 3133 uirtutem
621 3085 799 3145 assequendam
810 3102 856 3132 non
870 3088 930 3132 enim
940 3088 988 3133 vult

113 3167 170 3216 heus
177 3166 202 3222 ut
209 3162 275 3227 ppbis
282 3164 370 3206 tantum
378 3160 444 3206 utiles
451 3160 529 3211 simus,
540 3159 580 3204 sed
588 3157 694 3202 omnibus
703 3159 810 3218 proximis
819 3179 828 3200 u
839 3159 897 3220 (sim.
905 3159 983 3218 Icum).
