2211 3575
554 120 563 148 t

452 288 527 319 anima.
544 278 562 327 6,
578 276 645 316 ao-ar.
892 328 895 343 st
948 270 987 310 335
1047 296 1048 299 ,

118 391 191 423 eseam
201 381 310 435 servetur,
326 394 416 424 necesse
427 382 458 424 est
473 382 498 424 ut
508 378 545 423 det
555 379 576 423 ei
590 391 664 422 eseam
678 364 787 436 quamdiu
803 371 852 415 vult
867 382 913 429 esse
929 364 989 425 quod

117 449 170 493 iecit
185 447 230 509 (op.
247 440 322 510 impl}
338 451 481 496 —Alterum
495 451 542 495 iam
557 449 649 494 adducit
662 448 823 505 argumentum
833 459 847 488 a
858 441 947 485 minore
957 436 988 482 ad

119 521 190 566 mains
204 520 247 580 (op.
260 521 335 582 imp),
348 523 376 567 ab
385 523 475 576 avibus,
488 536 544 580 quas
554 524 611 564 Dens
621 519 720 579 pasoitv.
733 521 760 561 26
771 514 874 575 respicite
884 509 989 557 volua'lc'c

124 591 187 647 oet]
197 607 238 636 eur
250 608 304 652 prae
315 592 511 637 aliisanimalibus
521 591 550 635 ad
565 598 616 651 aves
628 603 668 634 nos
681 587 799 641 amandat,
814 584 885 630 alant.
898 582 989 644 quaerit

118 665 139 706 et
149 663 269 723 respondet
276 664 372 710 voluisse
382 668 453 708 Deum
463 661 629 722 quodammodo
637 661 661 704 in
671 662 717 704 toto
727 657 813 703 mundo
823 655 927 715 exempla
936 668 989 713 pro-

118 724 231 780 videntiae
239 727 381 796 ¹proponere3
392 735 454 779 unde
468 749 520 778 eum
530 735 633 792 incipere
643 747 657 776 a
669 731 731 776 eoelo
746 733 767 775 et
779 728 881 774 desinere
892 727 918 771 in
926 730 989 769 terra

119 820 138 850 v.
151 810 191 861 283
203 806 256 850 dein
266 822 316 851 etim
326 820 378 851 aves
387 807 411 850 in
420 821 473 851 aere
482 804 709 861 versentur,·longius
717 803 794 847 abesse
804 817 817 845 a
826 800 876 845 cibo
887 797 960 842 videri
968 798 990 839 et
1012 804 1016 813 ’

118 876 209 921 demum
228 877 336 921 animalia
352 878 467 922 terrestria
484 878 534 937 plus
553 876 640 922 habere
655 874 727 919 solere
746 872 874 918 industriae
892 871 917 914 in
939 867 989 911 cibo

71 956 72 959 ’
118 948 249 1007 quaerendo
261 951 283 993 et
291 949 443 995 recondendo.
458 950 481 994 Si
493 950 570 1008 itaque
584 951 639 992 [leus
652 947 732 991 avibus
742 944 848 1006 providet
858 946 879 987 et
889 942 990 1002 praestat

118 1019 261 1075 alimentum,
279 1035 334 1065 num
347 1021 479 1066 hominibus
491 1035 537 1065 non
552 1019 690 1080 praestabit?
703 1018 722 1064 si
735 1017 788 1062 illae
799 1032 847 1061 non
859 1014 989 1059 laborantes

117 1091 236 1136 inveniunt
246 1106 330 1147 escam,
341 1106 396 1136 num
405 1093 474 1136 homo
483 1106 529 1136 non
538 1091 638 1149 inveniet
646 1091 683 1134 cui
693 1093 750 1134 Deus
760 1089 822 1133 dedit
835 1084 956 1132 laborandi
967 1087 989 1127 et

117 1160 250 1221 sapientiam
266 1166 288 1207 et
301 1163 463 1222 praeceptum?
477 1162 557 1207 Omnia
571 1161 678 1206 animalia
691 1164 749 1204 Deus
761 1162 856 1220 propter
870 1158 989 1201 hominem

117 1232 180 1287 iecit,
197 1234 315 1278 hominem
332 1237 425 1293 propter
438 1246 473 1287 se3
490 1234 508 1277 si
522 1248 577 1291 ergo
590 1234 617 1277 iis
630 1232 743 1277 ministrat
754 1232 847 1291 propter
860 1228 987 1283 hominem,
1037 1251 1038 1255 =

117 1319 173 1348 num
186 1304 319 1349 homiuibus.
329 1320 374 1349 non
387 1305 526 1350 ministrabit
540 1308 633 1365 propter
643 1305 756 1364 seipsum‘l
770 1305 855 1355 Quanto
869 1315 924 1358 ergo
939 1314 990 1359 pre-

117 1376 195 1419 tiosior
207 1380 239 1420 est
253 1376 352 1421 hominis
367 1377 450 1422 creatio
463 1391 533 1437 quam
543 1377 688 1432 animalium,
700 1378 763 1420 tanto
771 1374 845 1419 maior
853 1372 896 1417 erit
906 1371 989 1416 sollici-

118 1447 172 1491 tudo
183 1447 222 1492 Dei
234 1447 261 1491 de
273 1449 374 1493 homine.
386 1449 524 1493 Animalium
535 1452 568 1493 est
576 1449 695 1503 Dominus3
707 1447 772 1492 nohis
781 1448 857 1490 autem
868 1448 901 1488 est
909 1451 990 1504 protem
1029 1463 1030 1466 ¹

80 1527 82 1529 ·
118 1518 136 1560 si
149 1532 203 1575 ergo
215 1518 311 1563 subditis
322 1518 428 1578 providet
437 1522 463 1563 ut
475 1520 594 1574 Dominus,
608 1520 693 1578 quanto
705 1518 779 1575 magis
791 1517 844 1561 filiis
857 1519 881 1560 nt
888 1523 958 1576 poter
967 1517 990 1558 et

118 1591 143 1632 ut
149 1591 214 1648 pater
222 1589 332 1644 coelestes,
339 1592 402 1635 tanta
411 1590 484 1647 gloria
493 1591 605 1649 tantisque
613 1589 693 1649 opibus
703 1587 871 1647 circumdatusj?
880 1586 989 1646 quomam

117 1675 163 1704 non
175 1668 253 1704 serum
267 1663 323 1713 etc.;
334 1664 428 1705 monent
441 1662 521 1706 Pescla.
543 1660 591 1706 Cui.
607 1661 651 1705 hoo
663 1660 791 1719 exemplum
804 1674 851 1703 non
864 1657 948 1702 adduci
958 1657 988 1701 ad

117 1731 206 1775 labores
218 1731 341 1787 tollendos,
356 1731 396 1776 sed
410 1732 439 1776 ad
454 1732 602 1776 auferendam
614 1731 799 1786 sollieitudinem;
813 1730 928 1775 Christum
938 1729 985 1773 soil.

117 1801 267 1846 intenderent
276 1802 421 1862 respicientes
430 1803 598 1863 providentiam
608 1802 635 1847 de
643 1805 709 1862 pastu
716 1802 793 1846 avium
805 1821 815 1842 u
826 1802 896 1846 simus
903 1800 989 1845 similes

117 1873 258 1928 volatilibus,
270 1888 316 1918 non
326 1874 452 1918 seeundum
464 1874 554 1934 species
560 1888 665 1934 operum,
680 1873 719 1918 sed
732 1873 879 1918 similitudine
893 1887 988 1932 propor-
1044 1880 1045 1883 ’

116 1944 327 1989 tionaliseoundum
335 1945 434 2003 gradum
442 1949 545 1990 nostrum
555 1946 676 2000 excelsum,
687 1945 730 1989 hoo
741 1948 782 2000 est,
794 1943 988 2004 quemadmodum

117 2011 218 2061 volatilia
227 2019 351 2076 pascuntur
359 2032 373 2061 a
382 2016 539 2070 Deossfaciendo
550 2017 610 2077 quod
620 2018 645 2061 in
653 2031 675 2061 se
684 2020 727 2073 est,
739 2016 814 2061 eundo
825 2015 855 2060 ad
863 2016 940 2060 locum
948 2016 989 2059 ubi

107 2083 150 2131 ‘est
165 2087 228 2131 cibus
243 2090 264 2131 et
279 2081 404 2132 omittendo
414 2088 490 2132 officia
502 2089 679 2148 incompetentia
694 2088 738 2133 illis
754 2092 775 2132 et
788 2088 918 2150 excedentia
929 2088 988 2132 vires

118 2173 208 2215 eorum,
221 2161 245 2203 ut
256 2162 308 2204 sunt
317 2174 402 2216 serere⁷
412 2162 499 2204 metere
509 2162 531 2203 et
539 2159 683 2216 huiusmodi,
695 2161 727 2204 ita
736 2160 804 2204 homo
814 2158 883 2204 faeiat
893 2159 956 2219 quod
965 2160 988 2203 in

50 2222 54 2233 ⁵
117 2245 139 2274 se
151 2232 194 2284 est,
209 2245 250 2274 sua
261 2223 364 2275 exerceat
374 2231 458 2285 officia,
469 2232 594 2275 omittendo
607 2231 795 2286 sollicitudinem,
808 2234 886 2290 utpote
895 2231 987 2275 irratio-

117 2301 192 2345 nalem
205 2304 227 2344 et
240 2301 384 2345 excedentem
396 2302 453 2345 vires
464 2302 523 2357 eius,
537 2304 614 2361 utpote
624 2302 651 2346 de
662 2302 792 2346 futurorum
805 2302 987 2359 contingentium

117 2372 199 2415 eventu
210 2389 220 2412 a
232 2370 312 2431 (Coi).
324 2371 374 2416 Vim
384 2372 514 2429 argumenti
522 2373 622 2417 Christus
631 2372 711 2432 pandit
723 2373 903 2430 interrogatione
913 2387 987 2418 iconae

116 2443 235 2502 oosrrcopc's
245 2442 322 2502 pluris
332 2444 382 2488 estis
396 2442 458 2488 illis?
468 2459 512 2503 qua
526 2443 590 2488 docet
599 2459 641 2489 nos
652 2443 735 2489 debere
748 2444 813 2489 nobis
828 2459 874 2489 esse
888 2446 997 2490 conscios·
1058 2444 1059 2447 ’

116 2528 186 2573 quain
194 2514 305 2559 immenso
313 2514 432 2559 intervallo
444 2529 575 2575 superemus
584 2516 685 2560 volatilia
697 2519 720 2560 et
728 2519 844 2575 tamqnam
854 2517 959 2562 homines
967 2521 989 2561 et

118 2587 233 2644 tamquam
246 2585 289 2628 filii
302 2585 405 2645 adoptivi
418 2587 489 2631 Patris
503 2588 610 2631 coelestis.
751 2577 752 2580 Ἰ

145 2660 214 2700 Porro
225 2656 290 2700 tertio
301 2660 436 2713 argumento
444 2658 540 2702 ostendit
547 2657 722 2704 sollicitudinem
729 2664 830 2705 nostram
842 2660 910 2704 etiam
918 2661 988 2704 niaxi-

118 2741 177 2771 mam
189 2741 235 2772 esse
248 2727 315 2786 plane
323 2727 440 2784 inutilem,
453 2744 505 2773 eum
518 2744 544 2773 ea
555 2744 583 2774 ne
593 2730 714 2791 minimum
725 2731 817 2788 [pridem
828 2731 944 2774 valeamus
954 2731 988 2776 ef-

117 2799 190 2842 ticere.
202 2801 249 2843 lam
264 2800 314 2858 quis
326 2813 394 2843 sanae
403 2799 498 2844 rationis
508 2801 541 2844 rei
552 2816 644 2860 prorsus
653 2800 730 2844 inutili
740 2801 841 2846 laborem
855 2802 988 2862 impendet?

118 2885 136 2913 v.
148 2874 177 2914 27
186 2870 233 2929 qais
243 2878 319 2915 aretem
329 2879 426 2915 oestrum
441 2870 540 2930 cepimus
550 2871 663 2930 (exsistens
678 2871 795 2931 sollicitus)
807 2869 880 2934 petest
890 2874 989 2920 adiicere

115 2940 146 2984 ud
154 2948 265 2985 stetinum
275 2956 340 2986 suoru
351 2940 450 2986 cubitum
461 2945 548 2986 centem?
557 2957 638 3000 graece
647 2939 717 2990 ’ἡλικία
727 2960 785 3004 quae
794 2960 838 2990 vox
846 2949 869 2991 et
879 2949 989 2991 staturam

116 3014 137 3054 et
148 3014 244 3056 aetatem
258 3012 379 3068 significat.
395 3014 494 3058 Priorem
507 3014 621 3058 notionem
632 3017 719 3060 veteres
732 3021 871 3077 sequuntnr3
887 3021 988 3063 attamen

116 3080 160 3126 iam
173 3082 220 3127 Coi.
233 3083 288 3141 Lep.
301 3083 364 3141 Spa.
376 3086 429 3129 Ber.
442 3086 576 3130 sententiam
585 3085 617 3129 ita
629 3087 756 3147 accipiunt,
770 3091 796 3133 ut
809 3089 836 3134 de
849 3090 930 3134 effectu
943 3090 988 3134 cibi

115 3152 144 3195 ad
157 3153 227 3198 vitam
244 3154 422 3200 conservandam
438 3159 459 3200 et
475 3158 656 3217 prolongandam
675 3160 822 3218 intelligatur.
839 3164 911 3221 Atque
930 3162 986 3205 liaeo

115 3224 234 3282 explicatio
252 3227 284 3269 est
302 3226 427 3284 sequenda,
445 3227 484 3271 sed
501 3230 609 3274 eomodo
626 3232 651 3275 ut
666 3246 718 3275 eum
735 3233 900 3276 recentioribus
920 3231 996 3289 (rire.¹
