2239 3511
123 180 162 223 136
480 189 555 218 narra.
571 180 591 225 ὅ,
607 179 651 217 t-t.

122 282 264 334 temporalem
277 283 298 319 et
309 278 409 318 sensibile
423 278 541 330 praemium
553 276 611 316 hisce
625 276 689 328 statui
703 277 787 326 volnnt3
800 277 960 329 «nequeenim
974 276 1000 316 eb

122 346 194 386 lutura
204 345 274 386 solum
285 345 341 392 bona
353 344 474 385 cohortatur
488 342 525 383 sed
535 342 600 382 etiam
610 342 636 382 eb
648 342 770 394 praesentia
784 344 871 394 propter
881 342 930 382 illos
940 342 999 382 audi*

66 412 69 419 ’
120 412 177 450 tores
194 410 230 462 qui
246 410 358 450 crassiores
374 409 424 449 haec
440 409 499 460 prius
516 419 579 460 quam
595 407 665 448 lutura
680 409 810 460 quaerunt...
821 406 919 448 ,Christus
936 407 1000 459 igitur

120 476 266 527 spiritualibus
278 475 385 516 sensibilia
398 474 493 524 miscuit·
506 474 556 525 quia
566 473 623 513 enim
635 466 695 513 mitis
708 473 799 525 quisque
813 474 887 525 putare
899 472 967 524 possit
977 484 999 512 se

121 553 160 582 sua
169 533 242 582 omnia
250 542 349 593 perdere,
361 540 489 581 contrarium
500 539 530 578 illi
541 538 653 591 pollicetur
664 538 747 587 dicens,
758 538 814 579 hunc
824 539 896 590 ipsum
907 549 952 578 esse
961 538 998 589 qui

121 619 159 648 sua
169 607 274 647 tutissime
285 606 400 659 possideat,
413 606 447 657 qui
457 617 496 645 nec
504 605 571 645 audax
580 616 620 644 nee
631 607 749 644 ostentator
760 605 806 644 sit»
818 603 847 657 (S.
859 603 947 657 Chrys).
958 603 998 644 Sed

120 684 189 724 neque
201 673 226 713 de
236 673 283 720 solo
297 672 356 713 coelo
369 684 439 723 neque
451 671 476 711 de
487 672 524 711 hac
536 673 592 710 terra
602 681 643 727 vor
654 672 686 710 est
700 669 834 722 explicanda,
847 669 883 709 sed
896 669 922 709 de
933 680 998 721 regno

121 738 228 779 messiano
241 738 299 789 quod
310 738 383 790 utique
397 738 420 777 in
428 737 469 777 hae
481 739 540 791 terra
550 736 660 777 inchoatur
671 738 692 776 et
703 736 725 776 in
739 736 798 783 coelo
809 735 917 789 perficitur
928 737 949 775 et
958 735 998 775 hee

121 804 186 843 modo
198 806 277 844 terram
293 806 314 844 et
326 804 409 843 caelum
426 802 581 853 complectitur,
598 802 653 841 Alias
668 802 890 854 explicationesquae
904 802 997 853 prolatae

119 870 169 908 sunt
181 870 214 918 (61,
226 869 283 920 apud
292 869 356 908 Sulla.
369 870 419 907 tom.
432 869 443 907 5
453 879 472 919 p.
483 868 515 907 66.
527 865 587 919 Bar.)
597 867 688 919 intelligi
699 879 736 908 cer
746 879 809 908 suum
819 867 938 920 possidere,
951 878 996 906 eor·
1047 918 1048 921 Ἴ

118 945 160 984 pus
168 933 320 985 glorificatum,
331 932 383 987 alios
392 932 493 984 patientia
504 943 549 972 esse
559 932 675 972 vincendos
686 934 708 971 et
719 933 860 973 conciliandos
871 935 910 973 etc.
922 933 996 973 merito

120 999 195 1038 missas
206 999 302 1038 tacimus.
313 998 354 1038 Sed
367 998 475 1039 mentione
489 997 575 1049 dignum
589 999 621 1038 est
634 998 719 1049 qualem
731 1009 811 1038 nexum
823 1010 847 1038 ac
860 1009 995 1050 progressum

118 1064 138 1104 S.
158 1064 287 1104 Chromatius
300 1066 377 1104 statuat
390 1063 445 1103 inter
458 1063 549 1115 primam
563 1065 583 1103 et
596 1063 712 1103 secundam
725 1055 881 1104 beatitudinem
893 1075 897 1104 :
910 1078 920 1100 «
931 1063 995 1104 homo

117 1129 175 1169 mitis
192 1141 237 1169 esse
252 1141 294 1169 nen
311 1129 389 1182 poterit
402 1129 443 1168 nisi
458 1129 517 1180 prius
531 1140 612 1181 pauper
626 1128 704 1181 spiritu
721 1128 789 1170 lactus
801 1119 875 1179 tuerit3
889 1127 994 1181 quenrodo

118 1205 167 1245 ergo
178 1194 233 1234 inter
243 1195 327 1234 divitias
338 1194 419 1246 positus
429 1194 523 1243 animus,
535 1185 590 1234 inter
600 1205 661 1234 curas
673 1196 694 1234 et
702 1194 857 1235 sollicitudines
868 1195 992 1241 saeculares,

117 1272 142 1300 ex
153 1260 230 1312 quibus
239 1260 330 1312 negotia,
340 1260 396 1309 lites
407 1260 576 1312 provocationes,
586 1260 635 1307 irae,
647 1254 819 1300 exacerbationes
830 1260 875 1300 sine
886 1261 993 1300 intermis-

53 1324 56 1330 ⁴
118 1325 177 1365 sicne
190 1328 311 1374 nascuntur,
324 1325 440 1377 quomode,
456 1325 552 1377 inquam,
562 1325 617 1365 inter
626 1326 679 1365 haec
691 1326 776 1366 animus
789 1326 869 1377 poterit
879 1337 924 1365 esse
935 1326 993 1365 mitis

118 1394 139 1430 et
154 1390 218 1439 lenis,
229 1391 271 1430 nisi
285 1391 344 1441 prius
356 1402 367 1429 a
381 1402 402 1430 se
415 1393 575 1430 onmes‘causas
589 1390 710 1430 iracundiae
725 1390 889 1442 occasionesque
901 1390 992 1431 rixarum

117 1455 286 1495 abrenuntiando
301 1455 443 1506 praeciderit?
460 1457 504 1494 Non
525 1444 548 1495 fit
563 1467 620 1495 mare
636 1456 787 1507 tranquillum,
805 1456 846 1494 nisi
865 1456 993 1495 cessaverint

114 1520 183 1568 venti;
199 1532 242 1570 uon
259 1520 399 1572 exstinguitur
415 1520 479 1571 ignis,
493 1520 534 1559 nisi
548 1520 659 1560 materiam
676 1520 770 1560 incendii
785 1520 937 1572 spinarumque
950 1532 991 1561 sar-

114 1587 186 1625 menta
195 1585 317 1634 detraxeris
328 1585 358 1625 sic
368 1597 406 1625 nec
414 1585 495 1626 animus
505 1585 544 1625 erit
553 1585 611 1625 mitis
620 1597 643 1625 ac
654 1585 746 1637 quietus,
756 1586 798 1625 nisi
808 1597 832 1626 ea
841 1597 894 1636 quae
902 1588 992 1626 exsusci-

113 1653 158 1690 tant
175 1653 195 1690 et
211 1651 342 1690 inflammant
357 1650 435 1690 luerint
447 1650 549 1690 abdicata.
569 1651 625 1690 Bene
639 1662 689 1703 ergo
704 1643 781 1702 gradus
798 1651 893 1702 iungitur
908 1652 989 1703 gradui,

114 1715 164 1766 quia
178 1707 282 1767 pauperes
294 1712 369 1767 spiritu
382 1716 423 1766 ipsi
434 1716 537 1767 incipiunt
550 1716 592 1755 iam
603 1728 649 1756 esse
659 1716 723 1756 mites
735 1732 753 1755 a.
765 1717 834 1768 Atque
848 1717 942 1768 prolecto
955 1718 990 1768 qui

113 1780 210 1820 animum
221 1781 299 1820 habent
312 1793 324 1820 a
337 1781 400 1821 rebus
413 1781 503 1820 terrenis
518 1792 632 1832 earumque
646 1781 762 1833 cupiditate
776 1784 887 1833 purgatum
898 1785 919 1821 et
929 1794 990 1834 erpe-

113 1845 192 1894 111111111,
202 1846 234 1885 1111
245 1857 356 1886 aerumnas
372 1857 455 1897 quoque
467 1846 571 1897 patienter
583 1846 660 1894 terent,
673 1846 756 1893 iniuriis
767 1847 832 1886 illatis
842 1859 884 1887 non
892 1859 989 1899 provoca-

112 1911 229 1951 bunturad
240 1911 365 1960 vindictam,
377 1911 414 1950 sed
428 1911 497 1951 anime
508 1914 618 1951 mansuete
631 1922 665 1951 res
677 1911 776 1951 adversas
789 1915 809 1952 et
820 1912 868 1952 odia
877 1913 989 1953 hominum

112 1976 257 2025 sustinebunt3
271 1976 330 2016 brevi
343 1977 395 2016 tales
409 1978 469 2017 erunt
483 1977 555 2033 quales
568 1985 626 2040 capp
639 1981 701 2028 πραεῖς
715 1977 737 2016 111
747 1979 788 2017 vet.
803 1980 851 2017 test.
867 1978 988 2018 deseribun-

110 2054 155 2102 tur;
167 2064 192 2093 ex
206 2065 231 2093 ea
243 2056 314 2093 autem
323 2064 374 2095 uoce
387 2053 446 2093 hebr.
461 2054 570 2095 notionem
580 2065 626 2094 esse
641 2054 766 2106 petendam,
778 2054 822 2094 iam
831 2054 886 2095 [aas.
897 2054 947 2109 Lep.
958 2057 988 2096 in-

112 2118 203 2158 sinuant.
217 2121 331 2172 Perperam
342 2123 436 2164 referunt
447 2136 520 2173 vocem
535 2123 605 2174 aretas,
617 2123 746 2164 Holtnnoaa
757 2125 783 2165 ad
793 2136 904 2177 pauperes.

142 2242 151 2263 r
163 2224 197 2267 hd
210 2224 274 2268 aliud
284 2225 414 2269 arandatum
424 2225 525 2284 procedit
536 2226 597 2285 (quod
604 2226 696 2271 ridetur
705 2227 773 2272 totius
782 2227 843 2272 orbis
852 2243 986 2288 oppugnare

108 2295 255 2349 sententiam3
269 2310 321 2339 cum
334 2296 394 2340 enim
404 2311 479 2342 onmes
489 2300 569 2356 putent
577 2313 614 2342 eos
622 2298 662 2357 qui
674 2298 776 2355 gaudent
786 2303 809 2343 et
817 2299 931 2344 laetantur
940 2307 986 2345 esse

108 2365 197 2421 beatos7
211 2382 248 2411 eos
262 2382 315 2410 vero
326 2368 365 2425 qui
381 2369 405 2411 in
418 2374 532 2422 moerore,
549 2372 683 2428 paupertate
700 2374 723 2413 et
732 2370 796 2414 luctu
809 2374 929 2415 versantur
939 2386 986 2416 esse

109 2437 214 2500 miseros,
231 2438 273 2480 hos
287 2438 326 2480 ille
343 2453 397 2496 prae
415 2438 464 2482 aliis
477 2439 553 2483 beatos
565 2439 680 2498 praedicat
695 2458 706 2480 a
719 2440 752 2498 (S.
770 2440 848 2500 Chrys,
862 2442 912 2485 sim.
927 2443 986 2503 eat.)

107 2504 128 2550 1,
142 2511 154 2550 5
168 2506 276 2566 deetr'pza'
285 2508 371 2566 luperca·
392 2510 549 2553 verumetiam
562 2509 599 2553 hic
610 2511 703 2554 oracula
713 2512 787 2567 tangit
797 2513 920 2568 messiana3
932 2528 985 2558 nam

106 2581 134 2639 ls.
147 2582 199 2634 dl,3
213 2578 300 2636 llessias
314 2579 372 2622 mitti
384 2579 467 2624 dicitur
477 2580 505 2625 ad
515 2580 619 2639 lugentes
629 2582 654 2625 in
665 2583 730 2636 Sion,
746 2586 771 2626 ut
783 2583 821 2627 det
834 2584 864 2629 eis
878 2575 985 2630 coronam

5 2642 8 2646 ’
38 2665 40 2670 ’
106 2663 148 2707 pro
165 2650 251 2705 cinere7
271 2650 346 2694 oleum
362 2651 442 2708 gaudii
460 2667 501 2712 pro
520 2653 592 2705 luctu,
612 2653 709 2712 pallium
729 2654 803 2698 laudis
822 2654 925 2717 (gloriae)
944 2673 984 2717 pro

106 2720 187 2779 spiritu
201 2721 311 2765 moeroris
321 2725 342 2765 et
353 2724 421 2782 Soph.
437 2727 489 2778 ala
501 2724 565 2769 hebr.
577 2724 683 2782 lugentes
693 2726 722 2769 iri
734 2730 900 2784 congregatum
912 2733 933 2772 et
942 2729 985 2774 hes

106 2805 153 2836 esse
166 2806 229 2836 veros
242 2793 299 2837 filios
315 2794 369 2838 Sion
383 2794 465 2839 dieitur
482 2796 521 2854 qui
536 2795 584 2840 scil.
604 2799 700 2856 propter
714 2811 835 2841 aerumnas
849 2799 934 2858 populo
944 2802 983 2845 Dei

105 2861 178 2907 illatas
187 2867 210 2907 et
220 2867 312 2923 propter
323 2866 451 2911 festivitates
462 2867 500 2911 Dei
510 2867 596 2912 ablatas
607 2869 701 2925 lugent3
713 2871 832 2927 praeterea
842 2870 910 2915 etiam
921 2873 983 2932 apud

105 2933 244 2977 Ezechielem
254 2936 287 2979 illi
299 2936 340 2979 soli
353 2938 418 2995 signo
427 2938 503 2982 salutis
513 2938 542 2982 ab
552 2939 635 2996 angelo
648 2936 769 2996 signantur
780 2944 801 2984 et
813 2945 933 2986 servantur
943 2944 981 3003 qui

104 3006 201 3060 gemunt
214 3008 235 3047 et
246 3005 321 3050 delent
333 3022 400 3066 super
414 3009 499 3054 cunctis
509 3009 719 3054 ahorninationihus
732 3026 790 3070 cquae
803 3012 862 3057 finnt
872 3014 895 3057 in
906 3014 982 3059 medic

104 3075 225 3119 Ierusalem
239 3074 282 3134 (111,
296 3081 343 3131 97h3
359 3093 394 3137 op.
407 3077 482 3138 iuml.
495 3083 566 3139 Atque
576 3082 681 3138 lugentes
691 3083 766 3132 vocari
779 3082 808 3127 ad
818 3097 915 3140 regnum
925 3099 981 3130 mes-

101 3145 202 3202 sianum,
218 3147 320 3191 dinisius
333 3149 407 3191 statim
421 3150 449 3192 ab
459 3151 523 3196 initio
531 3151 707 3210 praedicationis
717 3153 742 3197 in
753 3154 864 3210 Galilaea,
879 3155 903 3200 in
912 3170 979 3215 syna-
