2239 3511
103 251 106 256 .
129 218 168 258 aab
487 229 565 258 1111111.
582 219 601 266 ὅ,
617 219 650 257 3⁶2.

128 329 172 357 uon
182 318 267 358 dissolui
280 317 322 357 nisi
336 319 416 366 morte;
428 318 464 370 qui
479 318 605 359 adulterium
621 318 754 359 commiserit
768 328 813 358 esse
829 320 897 357 morte
912 318 1007 369 plecten-

129 382 190 431 dum;
203 383 221 422 si
235 394 277 422 non
288 385 390 434 sequatur
404 394 470 433 mors,
481 394 520 424 nec
533 380 585 425 solui
595 384 713 424 vinculum.
726 385 792 432 Quam
805 386 876 423 tamen
886 382 1007 434 explicatio-

127 457 177 486 nem
193 459 239 487 esse
256 447 389 488 subtiliorem
408 458 478 501 neque
498 448 648 490 cohaerentem
667 449 724 489 haud
742 448 803 489 multi
819 448 936 500 negabunt.
954 446 1007 487 Aliis

112 511 197 570 *visum
211 516 243 552 est
253 525 298 553 rem
309 513 338 553 ita
352 513 443 554 enodare
453 517 477 555 ut
489 515 584 556 dicerent
597 515 703 556 Christum
712 514 748 555 hic
760 516 853 555 statuere
865 513 935 565 legem
946 513 1006 564 tem-

127 578 233 628 porariam
247 581 268 618 et
281 579 332 618 solis
346 579 432 619 Iudaeis
445 580 516 628 datam
530 592 572 632 qua
585 580 610 621 iis
623 580 744 633 proaliquo
758 583 853 632 tempore
868 577 969 619 concedat
983 579 1006 618 ut
1031 570 1032 575 ¹

126 643 203 683 mulier
219 644 315 684 adultera
331 645 452 686 dimittatur
466 647 550 687 uinculo
566 646 696 687 matrimonii
714 646 807 695 sublat03
825 657 878 697 quae
896 644 1005 684 concessio

126 720 176 748 cum
186 710 256 749 solum
270 710 353 750 ludaeis
362 723 401 764 pro
411 711 482 764 aliquo
494 716 591 765 tempore
602 705 685 753 data'sit
695 712 759 753 simul
769 709 869 764 explicari
882 720 918 750 cur
925 708 1004 760 excep·
1030 723 1035 729 ¹

126 773 157 813 tio
171 775 207 815 illa
222 776 278 828 apud
293 778 392 825 Marcum,
405 779 491 826 Lucam,
506 779 595 819 Paulum
608 790 656 819 nou⁴
666 778 790 832 reperiatur.
803 779 834 818 lta
848 777 892 817 iere
906 773 955 827 Huc
972 773 1005 827 (de

127 840 212 880 viuculo
226 841 319 893 coniugii
331 843 403 882 christ.
415 843 559 884 indissolubili
573 846 688 884 comment.
701 856 759 897 exeg,
772 857 792 896 p.
805 841 873 895 rur-18)
885 843 906 882 ct
920 838 1004 890 aaran,

126 905 211 945 Einheit
218 906 256 946 der
263 907 391 959 Euangeliou
399 920 419 959 p.
429 909 469 948 258
478 910 499 948 et
509 909 638 949 habendesu
647 909 664 948 V
672 921 692 960 p.
703 910 743 949 ⁰250
751 909 824 961 (etiam
833 909 856 948 in
864 909 883 946 2.
895 904 1003 957 editione).

152 971 239 1020 Verum,
252 974 275 1012 ut
283 972 324 1011 iam
334 971 426 1012 Perrooe
436 973 543 1013 adnotavit
550 974 564 1012 l.
575 986 592 1013 e.
604 986 625 1024 p.
636 974 681 1021 l85,
693 974 776 1013 nullum
785 972 891 1025 reperitur
900 969 1003 1009 indicium

126 1045 152 1073 ex
162 1047 203 1086 quo
213 1036 235 1076 id
244 1036 315 1089 colligi
329 1037 408 1089 possit;
418 1038 512 1078 Christus
523 1037 598 1078 eodem
611 1037 674 1077 niodo
684 1050 743 1077 suom
752 1038 793 1077 lert
802 1037 876 1088 legem,
890 1047 931 1087 quo
944 1032 1003 1074 illam

70 1121 73 1125 ,
126 1100 206 1141 tulitin
217 1102 394 1143 antecedentibus
408 1104 461 1143 etin
471 1102 651 1155 subsequentibus
664 1101 724 1143 feret.
736 1104 763 1143 ut
773 1103 790 1142 si
801 1102 884 1143 ludaeis
894 1099 916 1139 id
927 1111 1002 1140 conce-

126 1166 217 1215 deretur,
230 1179 266 1208 cur
279 1167 372 1208 severius
383 1171 440 1209 esset
452 1168 557 1221 agendum
568 1180 616 1209 cum
628 1168 758 1220 gentilibus?
773 1169 799 1209 Et
809 1168 826 1208 si
836 1168 905 1207 solum
917 1177 955 1218 pro
964 1164 1003 1204 ali-

126 1241 169 1282 quo
184 1235 291 1285 tempore,
309 1245 345 1273 cur
362 1233 478 1274 Matthaeus
496 1234 532 1287 qui
548 1234 681 1286 euangelium
699 1245 761 1274 suum
777 1233 860 1273 ludaeis
878 1230 968 1282 reliquit
980 1232 1003 1269 ut

127 1297 234 1338 defectum
246 1311 297 1338 suae
306 1299 438 1350 praesentiae
447 1300 473 1339 iis
484 1300 600 1351 suppleret,
612 1301 664 1339 hanc
675 1298 834 1339 concessionem
845 1297 924 1348 scripto
935 1295 1003 1334 consi-

122 1368 207 1416 gnatam
220 1370 330 1418 tamquam
343 1364 377 1404 ius
391 1365 412 1403 et
425 1362 578 1403 documentum
589 1355 707 1414 perdurans
716 1361 869 1415 praedicationi
880 1364 1008 1415 apostolicae

123 1430 227 1471 inseruit?
237 1434 262 1471 Et
276 1430 293 1471 si
306 1441 344 1482 pro
354 1421 430 1480 ¹aliquo
439 1430 537 1479 tempore
550 1429 570 1466 et
583 1437 621 1479 pro
634 1426 683 1466 solis
700 1426 782 1473 ludaeis
796 1428 888 1477 daretur,
900 1439 970 1469 noune
985 1430 1007 1469 id

125 1498 220 1547 oportuit
230 1497 333 1537 indicari?
343 1498 388 1537 lam
398 1508 448 1538 uero
457 1499 497 1538 tale
509 1482 610 1538 indicium
619 1509 689 1548 neque
701 1498 807 1550 reperitur
817 1497 839 1536 in
849 1496 928 1547 scripto
939 1505 1002 1535 evan-

125 1561 180 1613 gelio
189 1574 258 1615 neque
269 1563 291 1602 in
301 1563 415 1603 traditione
425 1563 531 1604 Ecclesiae
541 1562 624 1604 ueteris.
635 1563 737 1604 Veterum
747 1561 803 1603 enim
815 1562 900 1601 Patrum
910 1560 1001 1612 explica-

124 1626 155 1666 tio
166 1630 204 1677 est,
216 1628 248 1668 uti
258 1628 358 1677 vidimus,
370 1629 491 1679 plancella.

151 1692 221 1733 Aliam
236 1693 400 1746 explicationem
416 1693 542 1747 excogitauit
559 1694 636 1735 Dreber
652 1694 674 1733 iu
689 1687 796 1747 periodica
813 1692 923 1738 Katholilr‚
942 1691 1000 1737 1877,

124 1758 142 1796 ll
152 1769 173 1809 p.
184 1760 223 1799 578
232 1770 285 1811 seq„
298 1759 334 1812 qui
345 1759 455 1800 contendit
465 1760 593 1800 uertendum
604 1771 650 1799 esse
660 1760 746 1812 παρεκτὸς
756 1758 807 1810 λόγου
817 1758 899 1812 πορνείας
909 1755 1001 1806 seposito

126 1834 224 1865 sermone
234 1825 260 1864 de
270 1824 415 1872 fornicatione,
428 1825 458 1865 ita
468 1825 512 1865 scil.
523 1828 547 1879 ut
558 1825 653 1865 Christus
664 1825 733 1865 dicat:
746 1825 772 1865 de
783 1836 833 1864 casu
845 1826 866 1863 et
878 1821 1001 1874 quaestione

124 1889 205 1941 πορνείας
213 1901 267 1942 quae
278 1890 334 1930 inter
343 1890 465 1942 pharisaeos
473 1890 605 1943 disceptatur
615 1902 653 1942 ego
663 1889 717 1930 nihil
729 1890 797 1930 dicere
804 1889 861 1936 uolo.
870 1889 927 1928 Hanc
936 1885 1001 1936 igitur

124 1955 241 1995 clausulam
250 1955 323 1996 referri
337 1955 381 1995 vult
392 1954 418 1995 ad
427 1955 602 2008 disceptationem
612 1956 667 1995 inter
677 1956 777 1995 rabbinos
789 1954 851 1994 Hillel
861 1954 883 1993 et
894 1950 1000 1998 Schamai,

123 2020 174 2071 quid
182 2021 210 2060 sit
217 2021 271 2060 illud
281 2022 341 2061 Deut.
350 2022 377 2060 hl
388 2030 426 2084 aaa
436 2030 486 2082 amp·
497 2024 517 2061 et
526 2022 633 2062 Christum
641 2021 709 2061 dicere
717 2020 810 2073 seposita
819 2019 858 2059 hac
866 2015 1000 2087 qpaestione,

124 2105 149 2144 de
161 2118 201 2156 qua
215 2105 269 2145 nihil
282 2105 395 2145 decernere
408 2106 466 2153 velit,
478 2106 545 2145 immo
557 2118 584 2145 ne
597 2105 657 2156 loqui
667 2105 761 2156 quidem,
773 2117 785 2144 a
798 2103 819 2143 se
833 2103 904 2149 statui,
914 2103 938 2140 ut
952 2100 1001 2152 qui-

124 2182 217 2223 cumque
231 2182 318 2211 uxorem
332 2169 437 2210 dimiserit
448 2174 487 2210 etc.
499 2171 526 2210 At
539 2171 649 2222 explicatio
662 2170 715 2210 haec
728 2170 745 2209 si
756 2169 819 2209 verha
830 2165 958 2220 speotavcris
970 2168 1001 2205 ast

122 2237 181 2286 dura,
194 2238 211 2276 si
222 2235 448 2283 conterraneorum
458 2236 563 2276 indicatur
573 2236 680 2276 Christum
691 2236 750 2276 illam
758 2233 935 2286 disceptationem
946 2231 1000 2271 uelle

122 2314 133 2341 a
145 2314 167 2342 se
176 2303 297 2356 repudiare,
310 2313 358 2341 cum
369 2313 430 2342 suam
439 2303 509 2357 legem
518 2314 560 2343 nou
571 2304 648 2341 statuat
658 2305 730 2342 contra
739 2300 861 2354 pharisaeos
873 2298 910 2338 sed
919 2297 1000 2337 ratione

121 2369 193 2408 habita
202 2368 269 2408 libelli
282 2367 372 2419 repudii.
382 2369 463 2409 Durum
475 2368 555 2420 quippe
565 2370 596 2407 est
606 2371 692 2420 praeter
703 2365 864 2420 dispunctionem
870 2363 894 2415 (l)
905 2361 999 2415 fornico-

123 2434 183 2473 ttouts
193 2434 227 2473 vel
236 2438 320 2486 praeter
332 2445 415 2472 caterona
425 2432 572 2484 foruricutionts
583 2432 686 2483 explicare
698 2443 703 2470 :
715 2432 741 2470 de
752 2443 776 2470 ea
786 2442 808 2469 re
819 2430 868 2469 nolo
879 2438 1000 2467 sermonem

122 2500 175 2547 fieri,
187 2500 252 2551 idque
265 2498 337 2551 durius
349 2510 433 2549 quoque
447 2499 497 2549 quia
507 2499 558 2538 haec
572 2496 704 2549 parenthesis
716 2508 740 2536 eo
750 2497 797 2536 loco
810 2494 909 2534 inseritur
923 2504 965 2544 quo
976 2495 1000 2532 ut

62 2600 65 2606 s
122 2565 169 2605 talis
179 2566 222 2605 iam
231 2576 274 2604 non
285 2564 419 2615 cognoscitur
429 2564 466 2603 sed
478 2575 520 2615 quo
532 2575 555 2603 ex
565 2564 612 2615 ipsa
621 2563 758 2603 collocatione
769 2562 858 2602 refertur
868 2562 893 2600 ut
903 2558 999 2610 exceptio

122 2631 153 2671 vel
162 2631 260 2671 limitatio
268 2630 294 2669 ad
302 2631 350 2673 πᾶςὸ
358 2627 440 2667 ἀπολύων
447 2646 463 2668 τ.
474 2645 491 2681 γ.
502 2632 527 2669 ut
535 2629 568 2669 sin
575 2628 652 2669 hahet:
662 2631 735 2669 contra
744 2640 810 2680 quam
817 2626 947 2667 adulterium
956 2635 999 2664 non

120 2699 153 2737 est
163 2697 252 2737 dictum.
265 2695 310 2735 eilia
321 2707 376 2747 quae
386 2695 426 2735 hoc
436 2696 482 2737 loco
493 2695 578 2736 tractari
592 2697 678 2747 possent
688 2694 822 2739 commodius
833 2691 999 2743 disputabuntur

121 2764 146 2802 ad
155 2774 198 2816 cap.
209 2764 239 2808 lu,
250 2761 284 2802 ubi
291 2761 468 2812 disceptationem
477 2774 524 2802 cum
532 2761 649 2813 pharisaeis
656 2759 783 2812 euamgehsta
789 2760 871 2798 enarrat
878 2759 899 2797 et
906 2755 998 2796 Christus

121 2828 248 2879 dignitatum
258 2826 391 2866 nrutrimouii
401 2827 485 2879 plenius
497 2828 595 2867 declarat.

405 2973 420 3015 f)
433 2974 464 3006 De
477 2972 603 3007 iuramento
616 2971 714 3016 aaa-37.

143 3076 192 3114 5,33.
208 3076 277 3109 lterum
291 3074 368 3107 audiatis
382 3075 424 3115 quia
438 3076 547 3108 dictumest
594 3073 642 3116 5‚33.
655 3069 706 3105 lltbu
720 3068 800 3114 ἠιούποιπε
814 3070 839 3104 ὅτι
852 3068 909 3116 ἐρρήθη
923 3067 957 3106 τοῖς
970 3065 997 3111 ἀρ-

118 3137 199 3177 antiuuis
216 3142 271 3172 :non
284 3133 394 3176 periurabis,
407 3134 473 3168 reddes
486 3134 547 3167 autom
569 3130 629 3176 χαίοις·
650 3128 679 3164 obn
700 3128 805 3177 ἒπιορι,οίοεις’5
826 3128 917 3167 ἀποδώσεις
938 3124 955 3159 δὲ
975 3126 998 3171 τῷ

94 3230 95 3233 ,
117 3196 197 3231 Domino
214 3196 319 3230 iuramenta
335 3195 372 3227 tua.
387 3192 415 3227 34.
429 3192 469 3237 Ego
485 3196 547 3227 autem
570 3189 619 3238 κυρίῳ
636 3186 673 3231 nug
690 3189 746 3238 ὅρκους
765 3202 800 3226 σοι.
814 3190 847 3226 ,34.
865 3186 898 3235 ἐγὼ
917 3184 935 3220 δὲ
953 3182 998 3235 λέγω
