2239 3511
148 225 187 264 bii
204 241 207 244 ·
304 210 305 213 ¹
494 229 566 274 amma
583 204 625 258 car.
641 220 673 258 ia.

147 319 328 378 perversitatem,
346 317 427 377 odium
443 318 469 363 in
488 319 601 363 Christum
616 316 764 378 implacabile
778 314 884 360 describit
898 313 1021 374 exemplis.

146 388 228 447 quibus
245 389 313 434 simul
326 392 391 449 patet
410 390 523 449 quomodo
537 389 625 434 veritati
642 404 712 450 quam
729 389 835 446 ignorare
852 400 898 430 non
911 388 1017 446 poterant

145 460 308 505 contumaciter
323 461 465 523 obnitentur.
485 461 510 506 Id
530 461 658 505 illustratur
676 460 808 509 narratione
820 456 933 518 quomodo
949 455 1019 500 disei-

144 529 210 588 pulos
220 531 313 576 sabbato
324 533 399 592 spicas
412 531 521 577 vellentes
531 531 722 592 reprehenderint
735 528 968 589 (12‚1-8)etliomino
979 526 1019 586 qui

144 600 238 661 sabbate
250 617 344 647 manum
358 602 447 665 aridam
463 603 549 649 sanavit
562 602 665 648 insidiati
680 604 726 648 sint
742 602 789 647 eius
802 599 954 662 perditionem
968 612 1018 642 ma-

144 671 397 734 chinantes(12,9-21)‚
412 675 483 728 immo
496 689 547 720 eum
562 674 718 719 accusaverint
726 687 769 733 per
779 672 907 733 principem
921 670 1015 714 daemo-

143 756 200 786 num
215 743 349 800 daemonem
362 745 391 790 ab
408 760 435 803 eo
448 746 536 807 expelli,
550 761 595 805 qna
607 744 752 806 blasphemia
769 743 907 804 apertissime
922 734 1024 800 Spiritui

144 816 221 858 sancto
232 816 486 876 obsistunt(12‚22-37).
499 820 538 860 Tot
548 817 617 874 signis
628 831 642 860 a
651 817 738 861 Christo
747 815 840 876 patratis
848 828 896 859 non
906 810 1004 857 credunt
1011 817 1018 866 ;’
1061 841 1062 844 =

144 883 291 930 nihilominus
308 888 404 944 signum
420 887 449 930 ab
466 902 493 931 eo
509 885 581 930 videri
597 887 680 931 volunt
693 887 776 945 quibus
790 885 910 945 respondet
924 884 1017 941 signum

143 953 171 997 iis
184 954 261 1000 datum
274 957 303 1000 iri
316 960 396 1011 Ionae,
412 956 449 1001 cui
463 958 549 1017 pariter
566 971 611 1001 non
624 956 677 1001 sint'
687 956 796 1001 credituri
812 955 966 1017 ad1maiorem
982 953 1017 996 scii

143 1024 1017 1089 ipsorumoondemnationem(12‚38-lr5).Hiigiturcurineptisintregncmes-

130 1114 132 1116 ·
143 1094 214 1150 siano,
227 1098 315 1144 satisest
324 1099 479 1144 manifestum*
488 1102 534 1144 lain
545 1099 600 1144 adeo
611 1098 665 1142 odio
678 1098 778 1156 flagrant
790 1099 815 1141 ut
825 1097 937 1141 Christum
947 1094 1017 1139 morti

143 1165 247 1212 addicere
262 1160 392 1225 statuerint,
409 1185 477 1228 qnam
491 1172 572 1215 sortem
579 1172 606 1214 'se
621 1169 752 1214 subiturum
764 1182 810 1214 esse
827 1167 927 1212 Christus
945 1181 968 1209 v.
987 1170 1015 1209 tt]

128 1232 205 1302 &haud
222 1238 315 1285 obscure
332 1240 456 1298 signifieat.
473 1241 536 1287 Hisce
554 1243 630 1285 antem
651 1239 792 1298 evangelista
809 1253 846 1284 ecs
863 1237 959 1298 opponit
975 1236 1016 1295 qui

129 1309 209 1365 regni
223 1311 329 1355 messiani
342 1313 458 1356 consortes
468 1312 513 1356 sint
526 1311 606 1366 futuri,
622 1313 664 1370 qui
673 1312 720 1356 scil.
736 1310 826 1355 veritati
838 1324 884 1354 non
893 1307 1013 1361 obsistunt,

142 1379 181 1421 sed
196 1380 310 1425 voluntati
327 1373 367 1426 Dei
382 1382 544 1441 obsequuntur,
568 1396 624 1441 qrros
646 1382 746 1426 Christus
759 1381 882 1444 tenerrimo
897 1393 975 1424 amore
992 1392 1014 1422 se
1081 1420 1083 1425 ,
1112 1405 1114 1408 v

142 1449 262 1509 complecti
276 1446 402 1512 profitetur
419 1452 554 1511 (iata-50).
577 1452 774 1503 Quemadmodum
792 1452 949 1510 itaque11‚25
965 1464 1013 1508 seq.

140 1520 203 1578 plebi
217 1521 341 1567 obduratae
359 1523 534 1582 opponebantur
547 1522 637 1577 fideles,
652 1523 685 1568 ita
699 1524 742 1566 hoc
756 1516 847 1582 quoque
862 1522 936 1580 capite
954 1523 1014 1579 post·

141 1606 209 1650 quam
221 1592 336 1654 descripsit
347 1594 388 1654 qui
396 1608 495 1651 regnum
505 1585 642 1638 messianum
656 1610 670 1639 a
679 1609 702 1638 se
710 1592 857 1652 repellerent,
869 1591 932 1636 addit
944 1606 1013 1636 evan-

140 1663 220 1719 gelista
233 1666 310 1723 quales
319 1656 408 1709 ad'eins
417 1666 484 1722 regni
493 1665 553 1709 bona
564 1667 681 1709 vocentur.
697 1680 699 1687 ³
758 1687 760 1693 ι

168 1735 239 1779 Facile
253 1737 390 1796 perspicitur
400 1740 470 1795 quatm
482 1726 540 1781 hene
551 1737 682 1796 conspirent
697 1735 789 1793 singula
800 1735 830 1779 ad
840 1734 865 1778 id
881 1734 944 1793 quod
957 1736 1012 1778 illat-
1039 1728 1045 1764 Ϊ

139 1804 219 1849 thaeus
233 1806 337 1853 intendit.
356 1807 421 1851 Clare
436 1806 571 1852 describitur
589 1807 690 1864 dignitas
702 1810 762 1861 lesu,
773 1805 884 1865 potentia,
900 1804 1010 1857 suavitas;

39 1900 40 1903 =
93 1918 100 1922 ,
138 1876 162 1918 in
181 1891 206 1919 eo
226 1877 357 1921 vaticinium
376 1877 468 1936 impleri
486 1867 620 1932 ostenditur3
643 1876 710 1937 impii
732 1877 901 1936 pharisaeorum
923 1888 1009 1928 mores,

138 1946 275 1991 odiumvere
292 1948 444 2003 diabolicum,
461 1948 580 1992 chduratio
590 1948 613 1991 in
630 1949 692 1992 malo
707 1948 740 1993 ita
751 1950 916 2007 proponuntur,
929 1946 1010 1990 utiam

136 2017 221 2060 nemini
234 2017 329 2062 dubium
342 2032 390 2063 esse
405 2018 476 2078 possit
489 2033 530 2063 cur
547 2022 644 2062 mortem
663 2019 746 2063 Christi
764 2018 837 2062 moliti
851 2033 864 2063 a
883 2031 956 2075 regno
971 2017 1010 2061 Dei

136 2087 291 2143 excludantur.
313 2090 365 2140 Quis
383 2104 438 2133 vero
456 2089 540 2134 talibus
560 2089 657 2133 [lumbus
677 2090 801 2134 adhaerere
816 2089 912 2148 poterit?
931 2101 1009 2132 nonne

136 2172 187 2202 cum
196 2159 222 2203 iis
230 2161 355 2205 necessario
365 2160 482 2204 interibit?
523 2217 526 2222 .

266 2346 268 2350 ι
302 2320 321 2368 a)
334 2323 367 2357 De
381 2321 498 2363 discipulis
510 2314 585 2365 spica's
597 2321 735 2357 vellentibus
750 2321 830 2365 12‚1-8.

157 2453 279 2494 152,1.1nino
292 2455 377 2495 tempore
392 2452 437 2486 abiit
453 2453 505 2486 Iesus
524 2460 557 2494 per
607 2452 656 2490 tbi.
676 2449 706 2483 Ἐν
716 2448 774 2494 ἐκείνῳ
798 2452 822 2496 τῷ
836 2453 888 2497 καιρῷ
901 2449 1007 2497 'torpedine

131 2512 172 2545 sata
181 2511 266 2551 sabbaim
283 2511 371 2553 discipuli
386 2511 449 2544 autem
458 2512 498 2545 eius
513 2519 556 2544 esu·
582 2506 647 2552 Ἰησοῦς
671 2507 801 2548 retractatae
815 2507 841 2542 did
866 2512 898 2544 τῶν
911 2509 1005 2557 σπορίμων·

130 2571 200 2604 rientes
209 2560 309 2613 coeperunt
319 2570 390 2603 vellere
402 2570 463 2612 spicas
472 2570 494 2606 et,
502 2578 555 2603 man·
579 2567 594 2601 oi
608 2566 627 2601 ti
641 2567 715 2613 μαθηταὶ
730 2566 779 2603 αὐτοῦ
794 2568 878 2604 ἐπείνασαν
886 2569 919 2613 ναὶ
934 2568 1005 2616 ἤρξαντο

129 2630 203 2663 ducare.
229 2629 245 2662 2.
265 2629 362 2663 Pharisaei
386 2629 448 2662 autem
471 2628 554 2662 videntes
578 2626 641 2662 τίλλειν
657 2627 769 2674 σεάχναςααὶ
782 2627 846 2665 ἐσθίειν.
861 2632 877 2665 i.
893 2629 909 2664 ot
923 2629 941 2664 δὲ
956 2642 1005 2676 papt-

129 2689 215 2722 dixerunt
230 2688 247 2721 ei
263 2697 320 2722 :ecce
337 2688 424 2731 discipuli
440 2688 467 2722 tui
483 2688 553 2722 iaciunt
577 2687 622 2721 σαῖσι
637 2685 700 2728 ἰδόντες
728 2685 777 2723 εἶπαν
791 2686 842 2734 αὐτῷ’
864 2686 899 2721 taos
916 2687 1004 2733 σὶι-μαθη-
1030 2714 1032 2716 .

128 2748 177 2790 quod
185 2756 222 2781 non
231 2747 273 2782 iicet
287 2747 349 2781 iacere
359 2747 449 2781 sabbatis.
461 2748 477 2781 3.
490 2748 513 2781 At
521 2748 552 2781 illa
576 2746 604 2780 ταί
617 2759 647 2781 σου
669 2749 743 2783 ποιοῦσιν
762 2746 813 2781 boia
829 2745 888 2787 ἔξεστιν
907 2746 961 2781 ποιεῖν
987 2746 1003 2781 ἐν
1034 2759 1035 2763 ’

127 2807 173 2839 dixit
181 2807 207 2839 eis
218 2816 222 2839 ι
233 2815 271 2840 non
279 2807 351 2849 legistis
362 2806 407 2849 quid
417 2806 481 2840 iecerit
493 2806 551 2840 David
576 2804 662 2853 σα66άτῳ.
679 2808 696 2842 3,
716 2806 725 2840 ὁ
741 2805 758 2841 δὲ
777 2804 822 2841 εἶπεν
841 2803 902 2844 αὐτοῖς·
921 2804 951 2839 οὗν.
964 2804 1002 2840 dut*

127 2865 201 2907 ernaudo
219 2867 281 2899 esuriit
296 2867 315 2899 et
338 2866 371 2908 qui
392 2874 433 2899 curn
450 2874 472 2899 eo
488 2866 551 2899 erant?
574 2876 627 2910 γνωιε
651 2865 667 2899 τί
684 2862 846 2910 ἐποίησενΔανείδ,
867 2865 894 2899 ὅτε
917 2863 1002 2900 ἐπείνασεν

127 2924 143 2957 4.
160 2923 252 2966 quomodo
266 2925 342 2958 intravit
359 2925 379 2957 in
395 2924 470 2958 domum
483 2926 517 2959 Dei
533 2925 556 2970 et
573 2924 602 2958 καὶ
611 2923 627 2958 οἱ
638 2923 678 2970 μετ’
688 2923 746 2966 aarum
761 2925 778 2958 l.
797 2926 830 2963 πῶς
842 2921 916 2968 εἰσῆλθεν
936 2924 958 2965 εἰς
972 2924 1001 2960 τὸν

124 2992 184 3026 panes
193 2983 324 3025 propositionis
334 2983 416 3017 comedit
424 2992 471 3025 quos
479 2992 516 3017 non
526 2983 549 3016 ii·
574 2981 621 3018 οἷκον
642 2985 674 3033 τοῦῚ
690 2983 732 3017 Θεοῦ
748 2981 776 3017 καὶ
788 2981 825 3023 τοὺς
846 2982 903 3030 ἄρτους
915 2986 944 3028 τῆς
960 2997 1001 3030 προ·

125 3043 178 3077 cehat
192 3035 213 3076 ei'
226 3041 280 3076 edere
299 3050 361 3084 neque
377 3042 406 3075 his
422 3043 453 3084 qui
469 3052 511 3077 cum
527 3053 549 3078 eo
573 3035 632 3082 θέσεως
649 3041 722 3089 ἔφαγον,
737 3041 747 3075 b
763 3040 791 3077 cir.
807 3041 841 3084 ἐξὸν
855 3041 874 3082 ἦν
887 3042 932 3091 αὐτῷ
941 3045 1000 3090 φαγεῖν

125 3104 186 3141 erant,
198 3101 233 3134 nisi
243 3099 549 3136 solissacerdotibusia.Autnon
572 3100 661 3141 citivate
681 3099 794 3148 paratae,
812 3101 826 3137 εἰ
844 3100 866 3150 μὴ
881 3104 915 3143 τοῖς
930 3102 1000 3149 ἱερεῦσιν

122 3160 196 3202 legistis
206 3161 225 3193 in
234 3158 284 3203 lege,
296 3160 341 3203 quia
350 3158 433 3193 sabbatis
443 3159 549 3194 sacerdotes
574 3159 639 3205 μόνοιςς
659 3161 675 3195 5.
686 3158 697 3202 ἢ
707 3157 736 3194 οὖν.
751 3159 832 3209 ἀνέγνωτε
849 3160 865 3197 ἐν
881 3165 905 3209 τῷ
918 3161 966 3209 νόμῳ
976 3162 1001 3196 tr
