2211 3575
414 199 525 281 11111115,
542 230 612 271 3t-3t.
738 246 739 249 ¹
920 235 957 274 rto

75 332 129 373 inter
145 332 196 371 haec
212 332 316 384 exempla.
331 332 448 379 Quominus
464 331 520 373 enim
536 333 571 373 illa
586 332 609 372 in
623 344 676 385 opus
690 331 895 372 deducanturnulla
908 330 955 382 iege

75 397 211 449 prohibetur;
222 397 316 449 seipsum
327 408 377 436 vero
387 391 487 437 mutilare
497 391 543 449 lege
551 398 643 438 naturali
652 398 789 438 interdictum
804 399 836 437 est
846 396 887 436 nisi
900 395 955 435 adsit

74 462 126 502 ratio
138 462 198 502 vaide
211 462 281 514 gravis
295 473 334 514 pro
348 462 423 502 etteotu
436 462 629 502 solamutilatione
643 463 768 511 obtinendo,
780 463 816 513 uti
826 464 858 503 est
870 461 954 514 ‹puando

75 527 144 579 agitur
154 527 234 568 devita
243 527 347 568 servanda
356 527 505 584 amputatione
516 527 608 567 membri
619 527 715 568 alicuius.
728 528 795 574 Quare
806 528 861 567 bene
871 526 934 567 Dion.
947 539 953 565 :

74 604 129 643 erue,
141 594 246 644 quantum
259 593 285 633 ad
300 605 360 634 usum
376 593 390 632 1.
406 604 423 632 e.
440 592 532 644 reprime
547 604 603 640 eum,
618 604 645 633 ne
660 594 767 633 intueatur
783 592 867 640 illicita,
883 593 953 631 averte

74 657 147 699 oculos
157 660 206 703 tuos
217 658 328 699 amuliere
339 660 424 710 compta
433 658 496 697 Eccti.
508 658 550 707 9,8.
563 659 596 697 Ps.
608 649 689 705 maai.
701 654 802 705 rorata.

103 829 154 871 Post
164 826 327 886 perfectionem
339 826 397 883 legis
407 840 454 869 uou
463 825 616 869 uroeclraberis
626 840 727 882 congruo
741 825 822 869 ordine
832 823 953 869 subiicitur
1013 869 1014 872 Ἰ

72 896 183 955 perfectio
194 897 287 941 alterius
297 896 355 954 legis
370 911 429 956 quae
440 897 508 940 etiam
523 897 553 941 ad
565 896 684 941 mulierem
699 896 799 956 pertinet
811 896 893 939 docens
906 894 952 937 iam

52 959 54 963 ’
72 967 192 1027 propriam
207 983 299 1012 uxorem
315 983 361 1012 non
376 982 423 1027 esse
441 967 609 1023 dimittendam,
625 971 749 1028 postquam
763 968 841 1025 docuit
852 966 951 1011 alienam

73 1038 193 1083 mulierem
206 1054 253 1083 non
266 1053 313 1084 esse
326 1039 532 1097 concupiscendam
542 1043 564 1083 et
574 1040 636 1083 aliud
645 1039 692 1083 iam
702 1040 821 1091 moechiae
834 1052 907 1096 genus
915 1051 950 1080 os-

72 1109 169 1153 tendens
181 1110 262 1154 scribis
275 1114 297 1154 et
309 1109 436 1169 pharisaeis
445 1109 591 1168 inopinatum
606 1101 683 1168 (Iuris.)
693 1125 716 1155 v.
729 1114 755 1153 31
769 1108 855 1154 dictum
865 1117 898 1162 est
908 1123 950 1152 uu-
974 1153 976 1158 ,

62 1187 63 1194 ¹
72 1188 117 1225 tem
127 1195 135 1223 .·
149 1180 288 1240 quicumque
299 1179 415 1235 uinuserit
423 1194 517 1223 uxorem
525 1195 599 1233 aarum,
612 1180 649 1224 det
659 1180 680 1224 ei
691 1179 794 1224 libellum
804 1179 894 1240 repudii
898 1194 906 1235 ,·
913 1180 948 1228 el.

71 1254 135 1296 Deut.
150 1255 214 1307 rt,1;
232 1251 321 1295 ludaeis
337 1254 431 1310 propter
445 1251 553 1295 duritiem
568 1251 644 1296 cordis
657 1251 835 1312 permittebatur
849 1250 950 1295 dimissio

71 1323 158 1377 uxoris3
171 1323 212 1366 sed
221 1324 239 1367 si
250 1323 293 1367 hac
299 1322 450 1382 permissione
462 1322 495 1367 uti
504 1322 612 1367 volebant
621 1323 736 1367 debebant
744 1323 809 1368 uxori
818 1323 873 1367 dare
884 1322 950 1366 libel·
996 1314 999 1321 Δ

69 1394 120 1438 lum
134 1394 226 1454 repudii
239 1394 255 1438 i.
273 1410 292 1438 e.
310 1394 413 1438 chartam
424 1395 541 1453 quandam
553 1394 591 1439 vel
604 1394 780 1454 schedam'quae
796 1409 889 1439 uxorem
903 1408 950 1458 esse

70 1465 215 1524 repudiatam
234 1466 368 1522 testabatur.
385 1468 457 1516 Quare
471 1466 517 1510 dici
531 1466 604 1528 potuit
619 1466 725 1510 libellum
739 1466 830 1526 repudii
846 1465 950 1526 permitti

72 1536 134 1596 (quia
149 1537 176 1580 iis
189 1536 366 1595 permittebatur
379 1530 460 1582 uxores
476 1536 600 1598 dimittere)
615 1541 637 1581 et
647 1536 715 1582 etiam
729 1538 830 1597 praecipi
847 1537 917 1597 (quia,
931 1536 949 1580 si

24 1610 25 1613 ’
70 1607 177 1651 volebant
191 1607 314 1663 dimittere,
326 1607 467 1652 iubebantur
482 1623 508 1667 eo
522 1608 595 1662 solum
611 1609 687 1662 modo,
703 1609 756 1652 dato
768 1609 858 1662 libello,
869 1608 947 1652 dimit-

68 1678 137 1735 tere);
147 1668 175 1723 ol.
190 1682 255 1722 liare.
271 1683 330 1733 10,3.
343 1683 387 1723 tet
399 1680 475 1723 liatth.
492 1683 551 1735 tufi.
564 1684 585 1723 8.
598 1680 758 1747 Hebraice-rpp
770 1680 826 1724 liber
836 1680 905 1724 etiam
919 1681 947 1724 de

68 1762 153 1820 scripto
163 1776 242 1821 parvo,
255 1762 283 1806 de
294 1762 392 1821 epistola
405 1766 449 1808 etc.
461 1762 557 1818 diuitum
569 1763 620 1807 vide
630 1763 659 1807 ad
672 1764 947 1823 attemperatissime

69 1833 131 1876 daeis
145 1833 198 1877 data
213 1836 246 1878 est
258 1833 280 1877 11
296 1834 424 1879 remedium
437 1835 493 1879 mali
502 1833 587 1893 peioris
603 1835 638 1892 (ci.
653 1835 731 1894 Chrys.
747 1850 783 1892 op.
801 1835 855 1895 imp.
869 1835 945 1893 Bed.];

67 1904 118 1963 ipsa
130 1919 184 1948 vero
198 1899 273 1948 libelli
290 1904 411 1964 scriptione
424 1895 596 1965 impediebatur
610 1921 640 1950 ne
657 1907 732 1950 statim
744 1907 825 1966 primo
840 1911 904 1951 aestu
912 1909 947 1951 iu-

67 1977 125 2019 roris
139 1977 214 2031 fieret;
231 1979 330 2020 ceterum
348 1977 372 2021 in
392 1977 444 2035 lege
462 1992 530 2022 causa
544 1977 705 2035 assignabatur
719 1978 753 2022 rei
767 1979 856 2034 foedae,
878 1994 946 2038 quam

67 2048 146 2106 utique
162 2047 257 2091 rabbini
270 2047 338 2092 multi
347 2048 377 2092 ad
390 2049 491 2108 plurima
504 2052 525 2093 et
539 2048 625 2093 leviora
638 2065 729 2109 quoquc
742 2050 901 2106 extendebant,
915 2051 947 2095 ita

63 2118 107 2182 qni
116 2119 272 2179 sequebantur
285 2119 353 2163 rabbi
365 2119 434 2165 Hillel
447 2120 561 2165 docebant
573 2136 665 2165 uxorem
679 2136 744 2180 posse
758 2121 843 2165 dimitti
851 2126 946 2182 propter
1003 2130 1005 2141 ⁴

66 2205 302 2254 quamcumquelrem
319 2206 378 2250 quae
395 2192 443 2235 viro
459 2192 591 2251 displiceret
609 2192 646 2252 (of.
660 2192 780 2252 Liqlrtfoot
792 2193 807 2236 1.
822 2205 846 2238 0.·
852 2210 876 2253 p.
889 2198 943 2250 2903
1011 2244 1012 2248 Ἰ

65 2261 202 2320 Sciroettpeu
216 2277 238 2320 p.
256 2260 293 2320 38)
309 2264 332 2304 et
348 2262 457 2320 Iosephus
473 2265 551 2306 narrat
566 2276 589 2307 se
600 2263 710 2307 dimisisse
724 2278 817 2311 uxorem
833 2264 887 2322 quia
897 2266 945 2309 eius

65 2346 140 2376 mores
154 2331 197 2375 sibi
213 2346 260 2375 non
274 2332 393 2391 placerent
406 2331 442 2393 (μὴ
455 2335 588 2391 ἀρεσκόμενος
606 2337 667 2391 αὐτῆς
682 2344 724 2388 τοῖς
739 2341 818 2391 ἤθεσιν;
836 2336 882 2379 vita
897 2337 943 2396 76).

64 2406 170 2448 Ceterum
181 2402 234 2447 vide
248 2403 277 2447 ad
290 2408 350 2459 19,3.

94 2478 146 2520 Eam
161 2475 336 2535 permissionem
353 2476 453 2524 Christus
466 2479 512 2522 iam
525 2478 587 2523 tollit
600 2468 620 2523 v.
629 2482 631 2487 ’
639 2484 667 2524 32
679 2495 720 2539 epo
732 2487 808 2524 cartem
821 2480 871 2524 dico
882 2483 944 2526 uobis

64 2546 945 2613 quiaoruuirquidiuuseriteruoremsicumeureprtuforuicatiouiscurcsas'ucit

64 2633 113 2663 eam
123 2617 253 2675 moecburi;
267 2633 318 2662 eam
331 2619 355 2663 in
366 2635 477 2678 magnum
488 2621 579 2665 coniicit
590 2621 719 2681 periculum
732 2622 850 2678 adulterii;
866 2624 944 2669 dimis-

62 2690 127 2735 sione
141 2689 273 2748 saepissime
288 2690 323 2733 vir
332 2689 356 2734 in
371 2690 438 2750 culpa
451 2692 502 2746 erit,
514 2697 539 2736 ut
553 2693 643 2737 dimissa
657 2693 784 2738 committat
793 2695 940 2751 adulterium,

64 2762 119 2806 dum
130 2761 196 2805 alteri
205 2761 283 2816 nubit,
296 2761 357 2805 unde
365 2766 429 2821 patet
442 2779 468 2807 ex
482 2779 535 2808 voce
549 2764 665 2808 rrroecburi
678 2766 774 2809 eiectam
782 2781 942 2812 1111010110-

62 2848 112 2877 rem
119 2837 142 2877 et
153 2834 270 2877 vinculum
280 2833 421 2889 matrimonii
431 2824 619 2879 dimissioncnon
628 2836 692 2880 solvi.
703 2837 780 2881 Solum
790 2840 883 2898 quando
894 2855 942 2885 mu-

62 2903 104 2948 lier
116 2904 161 2947 iam
172 2904 309 2956 adulterium
319 2905 439 2960 commisit,
448 2905 483 2951 vir
492 2921 543 2950 eam
552 2906 669 2952 dimittens
677 2923 725 2953 non
733 2909 830 2954 incurrit
840 2912 941 2971 culpam,
951 2914 959 2920 ⁹

62 2990 109 3020 non
120 2990 171 3019 eam
186 2975 240 3019 facit
256 2977 393 3031 adulteram,
409 2978 466 3037 quia
478 2979 528 3037 ipsa
541 2979 623 3024 mulier
639 2995 662 3024 se
676 2986 742 3026 antea
756 2982 801 3026 iam
814 2983 941 3029 adulteram

61 3046 185 3092 constitnit.
203 3048 301 3092 Proinde
316 3049 351 3092 vir
366 3050 495 3109 mulierem
504 3051 632 3095 adulteram
646 3053 739 3097 eiiciens
752 3069 800 3098 non
814 3060 940 3114 perantia
961 3105 963 3109 ,

61 3118 125 3162 nullo
133 3121 209 3163 autem
220 3133 273 3163 casu
282 3118 414 3165 dimissione
425 3122 482 3166 solvi
491 3122 606 3167 vinculum
614 3125 756 3169 matrimonii
763 3120 865 3171 declarat
875 3128 940 3171 Chri-

59 3193 107 3233 stus
119 3191 204 3235 addens
217 3205 221 3236 :
234 3199 255 3234 et
264 3189 305 3250 qui
312 3189 430 3237 diuusrum
441 3193 535 3239 diruerit
544 3194 659 3239 adtulerat
663 3209 673 3253 ,⁴
679 3196 780 3254 intelligi
788 3197 905 3242 dirrrirsum
915 3200 939 3242 in
