2211 3575
462 267 538 297 xxxma.
554 258 573 305 8,
590 256 658 297 aar-31.
962 257 998 297 391

129 357 176 399 tare
185 369 230 400 uon
239 359 311 416 potest
323 374 333 398 a
345 357 429 417 (Bar·.];
442 362 465 403 at
478 359 552 402 minus
561 363 636 410 tauien
646 356 774 417 puniuntur
789 371 850 399 nuuc
865 356 919 416 quia
929 357 951 399 et
961 369 998 399 va-

128 425 198 483 gandi
212 442 254 487 per
267 429 379 474 mundum
391 430 452 473 hunc
468 432 490 474 et
506 429 637 490 hominibus
651 428 748 473 nocendi
758 420 895 487 potestatem
912 426 998 471 habent

129 497 165 556 (cf.
181 497 250 542 Eutb.
265 498 345 544 Pescla.
365 502 421 544 Tost.
441 500 489 544 cat.
505 500 577 544 Salat.
592 498 664 544 Mala.
677 500 730 544 Bar.
747 497 846 552 Rez'selrt,
865 499 954 543 Grimm
970 500 997 542 lll

128 583 150 627 p.
163 572 216 624 316,
225 568 287 629 Fit),
297 570 336 615 sed
342 572 367 615 in
373 570 483 615 iudicium
494 569 627 627 magnidici
639 566 733 614 uinculis
742 567 839 613 aeternis
848 570 890 614 sub
899 570 996 627 caligine
1045 591 1053 603 ·

127 643 270 685 reservantur
283 640 339 701 (lud.
356 641 391 702 6);
407 642 436 685 cf.
448 641 548 694 Samen,
563 640 592 683 de
605 640 692 697 angelis
703 639 743 684 lib.
761 644 774 684 8
789 655 838 699 cap.
855 645 905 685 211.
921 646 942 685 3.
959 645 994 685 13.

128 715 165 765 1t;
177 726 226 772 cap.
240 717 278 768 173
288 728 338 771 cap.
351 717 411 757 1511.
423 716 458 756 16.
470 715 500 755 llx
509 712 570 755 liiscc
585 710 729 771 explicandus
742 714 774 755 est
786 725 862 756 sensus
874 712 996 756 verborum

127 782 167 842 qui
178 784 279 835 nobiseo
292 798 382 843 quoque
395 782 502 843 panditur
520 783 574 842 quia
588 782 649 843 apud
663 784 747 827 Lucam
761 786 813 838 8‚31
830 786 913 840 rogant
923 786 997 827 Iesum

108 869 109 876 ¹
126 868 154 898 ne
164 854 286 914 imperaret
294 857 318 898 ut
331 855 355 898 in
369 854 475 912 abyssum
490 854 557 899 irent.
572 854 644 914 Verba
656 852 714 913 qatz'd
722 853 786 898 nobas
801 861 824 898 ct
838 853 880 898 aba·
895 854 996 913 aliquam

126 926 170 969 hoc
185 925 234 970 loco
247 926 363 970 continent
374 926 576 986 expostulationem
595 921 674 986 (Iuris.)
691 928 712 969 et
728 924 872 970 elucidantur
885 940 912 970 ex
925 926 996 970 altera
1058 941 1060 944 ⁴

126 999 204 1056 parte:
216 997 296 1042 venisti
306 997 351 1042 huc
359 997 388 1043 ad
397 1011 438 1041 nos
449 1006 501 1042 erate
515 1004 602 1056 tempas
612 996 762 1057 torquendos3
773 996 851 1056 itaque
866 1010 871 1041 :
883 996 939 1056 quid
948 997 995 1041 iam
1054 1040 1056 1043 .

126 1082 187 1124 nunc
200 1068 234 1113 rei
247 1068 290 1112 tibi
303 1070 334 1113 est
351 1068 485 1113 nobiscum?
494 1083 550 1113 num
560 1068 639 1113 venisti
651 1070 703 1113 ante
712 1071 801 1127 tempus
811 1067 932 1113 definitum
941 1068 995 1111 mit-

125 1143 174 1183 tere
184 1153 225 1184 nos
237 1140 262 1183 in
274 1141 384 1195 tartareos
399 1139 525 1194 cruciatus‚.
536 1141 588 1183 ante
601 1143 689 1198 tempus
701 1139 781 1183 iudicii
791 1138 877 1200 (Bar.)?
887 1141 994 1184 Poterant

126 1209 187 1254 enim
200 1210 321 1254 daemones
333 1210 390 1254 scire
406 1209 443 1253 vel
459 1210 569 1269 suspicari
582 1209 685 1254 nondum
702 1214 748 1254 esse
760 1213 851 1268 tempus
866 1210 946 1254 iudicii
958 1212 993 1255 ul-

125 1281 186 1333 timi3
198 1280 363 1339 cognoscebant
370 1282 418 1325 sine
426 1280 496 1325 dubio
506 1281 612 1325 vaticinia
619 1280 721 1325 nondum
730 1295 776 1324 esse
783 1280 877 1339 impleta
884 1295 994 1339 regnum-

127 1367 170 1411 que
182 1353 221 1396 Dei
233 1343 257 1396 in
271 1352 337 1396 terris
349 1351 454 1396 nondum
467 1367 492 1396 eo
506 1351 572 1395 modo
585 1367 631 1396 esse
644 1352 790 1396 constitutum
804 1366 848 1410 quo
860 1353 993 1411 promissum

129 1426 187 1476 erat;
207 1423 245 1468 vel
262 1422 303 1467 etsi
318 1422 362 1468 hoc
381 1437 428 1467 non
438 1422 582 1478 concederes,
604 1427 681 1467 tamen
703 1426 808 1482 exoptare
830 1425 851 1466 et
867 1423 994 1468 desiderare

125 1497 230 1553 poterant
241 1494 362 1538 daemones
372 1509 400 1538 ne
409 1497 498 1554 tempus
507 1493 566 1537 illud
582 1494 628 1538 iam
642 1495 847 1554 appropinquaret„
857 1495 908 1539 Tale
918 1497 994 1540 autem
1013 1551 1016 1554 ,

126 1565 262 1609 desiderium
271 1566 339 1609 etiam
346 1565 430 1609 sufficit
438 1567 463 1622 ut
471 1564 596 1609 exclament
601 1566 663 1609 visne
672 1579 713 1609 nos
722 1569 828 1624 torquere
836 1573 889 1611 uate
898 1568 994 1626 tempas!
1027 1582 1029 1585 ’

127 1640 192 1680 Porro
205 1640 265 1681 lesus
274 1636 346 1691 venit,
358 1639 383 1680 ut
396 1635 519 1679 destrueret
530 1650 582 1679 eum
592 1637 631 1695 qui
642 1635 742 1698 halaebat
755 1636 834 1680 mortis
844 1637 967 1699 imperium
975 1638 989 1682 i.
1009 1666 1011 1670 ,

125 1722 144 1751 e.
156 1707 271 1751 diabolum
284 1705 359 1765 [Hebr.
375 1705 446 1765 att),
461 1709 486 1750 ut
495 1706 580 1750 diaboli
592 1706 689 1750 nocendi
701 1710 832 1765 potestatem
845 1708 992 1766 restringeret

125 1792 222 1837 eumque
236 1773 358 1830 coercerem
376 1791 446 1836 quare
459 1777 580 1835 daemones
591 1777 615 1834 id
624 1778 718 1822 minime
732 1780 863 1837 exoptantes
878 1768 959 1823 dicunt¹
969 1780 993 1824 id

125 1849 175 1893 lieri
184 1852 237 1893 ante
249 1851 346 1907 tempus.
360 1850 451 1892 Terram
463 1848 584 1906 gentilium
594 1848 658 1908 quasi
673 1863 737 1893 suam
751 1848 860 1894 ditionem
870 1852 991 1909 occupant;
1028 1840 1030 1844 ¹

124 1935 178 1964 nam
194 1934 252 1980 quae
266 1919 386 1964 immolant
396 1921 475 1976 gentes
486 1919 612 1964 daemoniis
624 1919 742 1965 immolant
755 1923 776 1963 et
789 1921 829 1979 qui
842 1935 854 1963 e
867 1936 939 1979 regno
953 1923 992 1966 Dei

125 1990 253 2044 eiiciuntur,
265 1992 355 2035 satanae
367 1989 427 2034 tradi
437 1989 546 2034 dicuntur
557 1990 576 2048 (1
590 1992 638 2034 Cor.
652 1995 730 2046 10,20;
745 1990 801 2051 5‚5);
815 2006 885 2049 quare
899 1993 992 2037 daemo-

124 2075 164 2106 nes
173 2063 349 2121 conqueruutur‚
361 2060 423 2120 quod
432 2061 487 2114 bace,
497 2062 522 2104 in
529 2055 594 2105 suam
607 2061 716 2105 ditionem
726 2063 818 2106 venerit.
831 2065 903 2107 lesum
917 2067 991 2110 autem

125 2133 260 2177 confitentur
272 2130 349 2191 filicem
362 2131 417 2193 Det,¹
430 2132 526 2176 aridiunt
537 2131 613 2191 itaque
624 2132 728 2191 discipuli
740 2132 801 2192 quod
811 2135 993 2193 maretranquil-

70 2234 72 2237 -
124 2204 172 2247 lum
180 2203 265 2248 tactum
272 2203 443 2262 praedicaverat
453 2201 484 2261 (S.
497 2201 594 2261 Chrys).
605 2203 666 2253 Quod
672 2206 747 2247 autem
758 2204 992 2263 daemoniacialonge

125 2274 189 2333 quasi
201 2274 322 2318 sentientes
339 2273 385 2316 eius
401 2273 523 2316 adveutum
537 2274 557 2316 ei
574 2277 705 2328 occurrunt,
719 2274 792 2317 filium
809 2275 848 2318 nei
864 2276 990 2335 appellant,

124 2359 175 2389 eum
185 2347 268 2402 rogant
281 2358 308 2387 ne
321 2346 478 2403 torqueantur,
495 2358 564 2403 quam
576 2344 672 2388 maxime
684 2347 763 2403 aptum
773 2348 832 2400 erat,
843 2349 868 2390 ut
878 2343 948 2391 animi
958 2348 992 2392 di·
1050 2400 1054 2410 Ι

124 2415 260 2476 scipulorum
273 2429 357 2472 magna
365 2414 446 2459 Christi
459 2415 586 2459 reverentia
595 2419 617 2461 et
624 2415 709 2460 maiore
721 2416 767 2460 eius
780 2416 898 2474 dignitatis
911 2420 992 2465 notitia

123 2488 286 2532 imbuerentur.
297 2486 377 2531 Vident
385 2487 450 2530 'enim
462 2501 513 2531 eum
525 2486 564 2545 qui
577 2501 664 2531 summa
674 2489 783 2546 potestate
789 2488 890 2548 pollebat
897 2490 920 2533 iu
930 2505 992 2537 mare

124 2563 145 2602 et
156 2561 311 2618 tempestatem
323 2559 373 2618 pari
391 2558 478 2602 ratione
495 2558 571 2602 valere
588 2558 613 2602 in
629 2558 749 2604 daemones
769 2563 791 2604 et
810 2560 838 2604 ab
858 2561 885 2605 iis
901 2565 993 2619 agnosci

123 2630 196 2673 filium
211 2629 249 2673 Dei
262 2631 283 2672 ct
297 2628 397 2673 iudicem
410 2632 432 2672 et
442 2630 508 2687 regni
521 2629 628 2673 diabolici
637 2635 822 2689 expugnatorem.

152 2704 223 2760 Atque
233 2713 302 2760 quam
310 2700 358 2743 acri
368 2699 481 2744 desiderio
496 2703 600 2759 exoptent
612 2715 729 2745 remanere
742 2701 860 2747 inditione
870 2705 991 2762 gentilium

124 2769 194 2833 (llarc.
206 2771 268 2831 5,10)
278 2773 300 2815 et
310 2770 388 2829 aliqua
402 2770 481 2815 saltem
494 2785 590 2830 corpora
601 2772 739 2830 possessione
751 2787 869 2832 occupare,
881 2790 908 2819 eo
919 2778 992 2821 osten-

123 2846 185 2889 ditur
191 2844 252 2903 quod
261 2842 398 2887 occasionem
407 2841 500 2900 capiunt
510 2857 524 2885 a
532 2856 603 2899 grego
610 2856 732 2901 porcorum
739 2843 771 2887 ibi
778 2848 884 2903 pascente
894 2848 993 2904 rogandi

124 2914 257 2958 Dominum:
272 2914 292 2957 sz'
304 2913 365 2958 ez'c'ez's
376 2927 415 2957 nos
430 2911 490 2966 bitte,
504 2913 567 2956 uzittc
584 2927 623 2957 aas
637 2912 661 2957 ta
676 2928 766 2973 plepem
778 2929 903 2974 parcorum
914 2934 936 2962 v.
949 2923 990 2975 313

122 2984 216 3046 proinde
226 2985 407 3029 concludendum
420 2985 463 3028 erit
473 2984 558 3043 aliquid
572 2985 636 3044 quasi
650 2984 769 3031 levaminis
784 2987 820 3031 vel
831 2990 953 3052 voluptatis
966 2990 990 3034 in

123 3059 242 3102 daemones
252 3055 349 3100 derivari
365 3072 391 3100 ex
402 3057 442 3100 tali
454 3056 592 3117 possessione
601 3056 638 3101 vel
651 3072 688 3102 eos
696 3057 834 3113 desiderare,
850 3063 875 3104 ut
887 3061 905 3104 si
915 3060 988 3103 homi-

123 3143 162 3173 nes
173 3141 252 3172 vexare
266 3126 417 3185 prohibentur
432 3128 511 3173 saltem
521 3128 656 3173 animalibus
669 3130 753 3175 inferre
767 3130 893 3175 molestiam
906 3134 927 3175 et
940 3130 987 3173 ani-

123 3200 216 3244 malium
234 3197 297 3242 rabie
317 3200 339 3241 ct
355 3198 433 3243 furore
453 3200 583 3245 hominibus
606 3204 716 3246 terrorem
736 3205 757 3246 et
776 3202 885 3246 dannium
906 3201 986 3245 all'erre
