2211 3575
431 170 506 205 aaran
522 161 542 206 t,
556 159 630 204 ,tr-ite
818 204 821 207 Δ
932 156 973 205 7915

23 291 24 295 =
54 281 56 286 ,
89 260 141 306 duri
158 262 191 305 est
214 261 239 305 in
257 260 413 320 resipiscentia
435 264 466 312 et-
478 259 632 321 poenitentia,
654 277 665 300 c
686 258 865 304 amaritudinem
883 259 986 303 radicis
1014 249 1016 253 ⁵

89 331 186 376 dulcedo
203 330 267 392 pomi
289 336 433 392 compensat,
455 332 558 393 pericula
579 331 648 376 maris
668 330 849 391 spesdelectat3
868 330 983 375 dolorem'

74 435 76 438 v
88 402 215 447 medicinae
225 417 276 463 spes
290 403 369 448 salutis
381 403 485 461 mitigat3
502 404 542 463 qui
553 403 668 448 desiderat
679 395 799 458 nucleum,
815 417 898 447 nucem
908 402 971 447 fran-

88 477 138 531 gat,
153 474 287 519 similiter'is
298 475 463 534 poenitentiam
472 478 533 531 agat,
546 474 643 534 quivult
655 474 734 519 adesse
742 475 804 518 bono
816 493 826 516 n
839 474 970 534 (Zacharias

88 538 219 604 chrysopol.
229 561 233 601 ;
243 547 275 591 M.
288 550 365 602 raam
373 543 403 606 ll⁸
414 547 447 590 Ab
462 545 543 590 eodem
554 544 731 604 praedicationis
741 548 879 602 argumento
889 546 970 604 incipit
1039 593 1040 596 Ἰ

88 631 133 675 quo
147 607 253 671 Ioannes;
274 616 327 662 vide
343 618 373 662 ad
388 621 437 671 333
460 616 522 660 unde
539 615 639 660 ostendit
655 630 721 660 suum
738 615 881 675 prooemium
902 616 969 659 tuisse

87 687 197 732 loannem
211 687 309 749 (Elath),
322 703 344 732 se
360 687 429 732 tuisse
445 687 485 747 qui
500 687 525 731 in
540 702 595 731 voce
609 688 700 735 'loannis
716 686 849 732 clamaverit
863 686 902 746 (ql.
919 685 967 731 ord.
1013 707 1018 714 =-

87 759 111 803 S.
128 760 196 805 Pascl
204 759 223 819 )
231 763 253 804 et
269 763 295 804 ut
310 759 430 803 confirmet
445 758 643 818 praedicationem
658 758 751 802 loannis
765 761 787 802 et
800 759 829 802 ad
840 759 969 817 exemplum

86 833 233 885 uostrum‚,ut
242 845 288 883 non
299 830 453 888 dedignemur
463 830 572 874 inchoata
581 830 610 874 ab
621 830 672 884 aliis
680 818 808 874 minoribus
819 830 881 874 bona
890 844 969 889 prose-

87 902 127 961 qui
150 901 184 961 (S.
207 900 283 946 Thoar.
310 902 378 961 aaa).
400 901 474 946 Verba
490 915 602 961 usurpans
621 901 736 961 baptistae
754 908 836 946 manus
855 900 967 946 suamab

86 972 216 1017 humilitate
227 988 319 1032 quoque
333 973 473 1031 crispiacum,
490 987 537 1016 non
551 972 677 1032 aquodam
691 975 804 1033 portento,
816 973 851 1017 uti
862 972 968 1017 diabolus

85 1046 187 1090 suaserat
199 1043 305 1104 (Saliam)
320 1046 342 1088 et
352 1059 393 1089 sua
408 1059 501 1104 quoque
516 1043 652 1088 auctoritate
669 1045 734 1088 docet
750 1044 811 1088 viam
825 1043 855 1088 ad
868 1058 967 1104 regnum

85 1116 225 1161 messianum
244 1130 291 1159 non
313 1111 360 1160 esse
381 1112 491 1159 fiduciam
509 1115 573 1159 illam
591 1114 745 1174 pharisaicam
764 1130 840 1174 neque
857 1129 967 1175 pompam

85 1201 161 1246 neque
174 1186 262 1230 cladem
273 1186 382 1241 hostiam,
396 1185 437 1229 sed
449 1185 600 1231 mutationem
613 1201 716 1241 morum;
732 1186 829 1245 proinde
843 1187 918 1231 statim
928 1201 966 1230 ex-

85 1257 221 1317 spectationi
234 1256 339 1301 iudaicae
349 1257 416 1314 regni
429 1256 542 1301 terrestris
552 1257 655 1305 indolem
666 1258 763 1317 opponit
774 1256 841 1314 regni
854 1257 889 1301 sui
898 1258 969 1316 spiri-⁴

84 1329 179 1385 tualem,
195 1328 336 1373 ablationem
353 1327 512 1388 peccatorum,
533 1334 601 1387 prout
617 1328 748 1388 saepissime
767 1329 829 1387 apud
842 1328 966 1387 prophetas

83 1400 218 1445 instauratio
230 1400 370 1444 theocratiae
380 1400 500 1444 sanctitate
510 1403 628 1458 praestans
637 1399 775 1445 delineatur.
816 1455 818 1457 Ι
832 1444 834 1446 .
953 1403 957 1406 ’

104 1471 148 1515 'Ad
165 1486 263 1529 regnum
284 1485 351 1516 suum
368 1471 556 1516 fundandum‘et
574 1472 752 1530 propagandum
764 1471 843 1532 socios
862 1472 963 1516 accersit.
1000 1484 1008 1497 -„

84 1542 148 1586 Tales
159 1546 236 1586 autem
250 1556 353 1587 essenon
366 1556 430 1601 posse
441 1542 573 1601 pharisaeos
584 1544 606 1586 et
619 1542 756 1597 sacerdotes,
768 1543 884 1602 principes
898 1557 965 1601 syna-

84 1629 158 1672 gogae
168 1614 251 1658 veteris
263 1613 302 1672 qui
313 1628 382 1673 super
393 1613 525 1657 cathedram
537 1613 615 1671 lloysis
626 1614 714 1668 sedent,
728 1614 781 1658 satis
791 1615 838 1658 iam
847 1616 964 1658 ostensum

83 1687 117 1743 est
132 1684 160 1729 iis
177 1693 236 1743 quae
255 1699 268 1728 a
282 1683 383 1744 baptista
400 1684 460 1728 dicta
480 1686 533 1729 sunt
549 1684 642 1743 (ar-10.
662 1688 724 1734 loan.
744 1684 805 1742 136)
821 1684 885 1729 otiis
905 1699 964 1743 quae

84 1756 184 1800 Christus
197 1756 221 1798 in
234 1756 320 1814 templo
337 1759 359 1799 et
374 1755 399 1799 in
409 1755 493 1799 lurlaea
504 1758 609 1814 expertus
620 1758 657 1798 est
671 1755 742 1814 (toan.
758 1759 811 1808 ‘MS
822 1769 869 1814 seq.
881 1759 921 1811 aa
938 1761 959 1810 3,

84 1831 111 1871 19
126 1841 173 1884 seq.
192 1825 287 1886 titt).
304 1826 386 1883 Seligit
406 1825 530 1881 Galilaeos,
548 1825 609 1872 viros
625 1825 746 1885 simplices,
765 1826 828 1871 duris
844 1825 963 1871 laboribus
988 1852 989 1855 =

19 1944 21 1947 ,
83 1900 190 1943 assuetos.
204 1897 297 1942 Narrari
309 1898 334 1941 in
344 1913 365 1942 v.
382 1901 409 1941 18
419 1912 467 1956 seq.
481 1912 528 1941 non
540 1897 649 1957 primam,
661 1897 702 1956 sed
712 1898 836 1949 secundam
847 1896 964 1942 invitatio-

82 1981 146 2023 nem3
158 1971 221 2028 patet
233 1984 259 2013 ex
270 1968 297 2012 iis
308 1984 367 2031 quae
378 1972 439 2013 loan.
454 1973 506 2024 1‚37
516 1982 563 2028 seq.
577 1971 710 2014 narrantur.
722 1969 787 2013 Prius
797 1969 964 2015 enim‘loannes

82 2043 105 2085 et
117 2040 218 2085 Andreas
228 2043 250 2084 et
267 2039 343 2083 Simon
359 2043 433 2084 Iesum
447 2044 606 2097 cognoverunt
622 2040 684 2084 iuxta
698 2040 826 2101 Iordanem,
839 2043 971 2100 antequam

82 2115 143 2166 lesus
152 2110 229 2170 prima
241 2111 290 2155 vice
300 2113 352 2170 post
361 2111 502 2170 baptismum
510 2111 555 2155 iret
564 2111 589 2155 in
598 2111 733 2166 Galilaeam,
745 2126 797 2156 eum
807 2111 876 2155 etiam
884 2116 964 2171 postea

82 2184 173 2242 saepius
189 2184 260 2226 secuti
277 2186 337 2237 sunt,
356 2184 380 2226 at
397 2182 502 2227 nondum
516 2182 538 2226 ei
553 2182 740 2241 inseparabiliter
756 2182 908 2227 cohaerebant
923 2184 961 2243 (cf.

81 2255 105 2299 S.
123 2254 271 2312 Artpastr'nrrs,
288 2253 316 2297 de
333 2248 393 2297 cons.
407 2268 490 2310 evang.
506 2258 567 2306 2,17.
583 2258 622 2308 373
638 2255 662 2298 S.
682 2254 761 2312 Chrys.
780 2253 848 2298 Errth.
862 2253 960 2314 Tbeoplr.

81 2326 142 2383 eta).
157 2324 220 2368 Unde
235 2323 343 2368 discimus
354 2324 469 2383 quomodo
486 2323 587 2368 Christus
601 2338 653 2367 suos
670 2324 793 2383 discipulos
807 2324 919 2384 paulatim
933 2326 963 2370 ad

81 2396 164 2441 altiora
174 2395 281 2440 adducat.
292 2398 355 2440 Nunc
363 2395 422 2439 enim
432 2399 555 2456 postquam
564 2397 611 2440 iam
622 2395 708 2441 diutius
718 2396 826 2456 cumipso
834 2398 961 2442 conversat

80 2471 134 2512 sunt
144 2470 167 2511 et
183 2468 252 2511 etiam
265 2466 290 2511 in
305 2470 366 2511 Cana
381 2467 494 2512 Galilaeae
508 2467 571 2520 etin
587 2466 670 2516 Iudaea
686 2482 776 2528 quoque
792 2472 858 2513 testes
868 2469 962 2514 luerunt

80 2553 233 2598 eorumquae
253 2538 353 2583 Christus
373 2539 458 2583 fecerat
476 2539 548 2599 (toan.
569 2539 640 2598 hirti),
657 2539 686 2583 ad
698 2539 826 2584 arctiorem
846 2541 962 2599 sequelam

80 2610 215 2655 invitantur.
233 2612 297 2653 liare
320 2610 437 2654 Galilaeae
457 2609 495 2655 vel
511 2610 579 2655 etiam
596 2625 658 2655 mare
674 2611 800 2656 Tiberiadis
820 2612 891 2672 (toan.
910 2618 960 2669 a‚1;

81 2682 142 2741 21,1)
154 2685 246 2726 vocatur
254 2681 316 2725 lacus
326 2682 475 2736 Genesareth;
488 2682 556 2740 etiarn
564 2683 589 2726 in
599 2685 643 2726 vet.
654 2686 704 2728 test.
717 2684 846 2743 appellatur
856 2694 879 2725 aa
890 2700 959 2740 mare,

79 2755 234 2807 Num.,3h,11.
251 2755 370 2807 los.12,3;
390 2757 466 2808 1327.
482 2754 603 2798 Referente
614 2753 707 2813 Ioacplro
724 2753 786 2813 (bell.
798 2754 847 2799 iud.
866 2757 959 2817 3‚10.7)
977 2750 979 2756 ’

80 2823 143 2870 lacus
151 2826 200 2868 erat
209 2823 336 2870 stadiorum
346 2824 500 2884 quadraginta
510 2824 632 2869 latitudine
642 2827 723 2884 patens
733 2828 755 2869 et
765 2830 856 2885 praeter
865 2828 961 2873 totidem

80 2891 175 2941 centum.
183 2894 434 2953 aliorumlongitudine
442 2892 457 2952 ¹,
469 2887 542 2955 aquae
552 2895 627 2941 dulcis
639 2899 661 2940 et
673 2897 772 2942 maxime
781 2898 897 2958 potabilis.
909 2900 961 2944 Eius

101 3024 115 3053 1.
125 3020 232 3054 Recentiores
240 3020 271 3062 qui
281 3021 368 3062 regionem
378 3021 493 3064 explorarunt
502 3030 537 3054 non
546 3022 591 3055 inter
602 3031 620 3054 se
629 3022 749 3064 consentiunt,
760 3023 849 3061 ,Robinson
858 3026 889 3063 m,
900 3028 930 3059 573
939 3024 960 3058 li·

79 3072 113 3104 tori
121 3073 222 3107 occidentali
232 3073 314 3106 adscribit
323 3074 448 3117 longitudinem
456 3075 534 3117 quinque
543 3076 624 3108 horarum
634 3077 652 3108 et
660 3079 678 3108 55
687 3077 820 3119 momentorum,
830 3077 922 3110 maximam
930 3086 960 3110 au-

80 3126 112 3158 tem
123 3126 232 3160 latitudinem
242 3135 276 3159 non
285 3127 367 3161 excedere
377 3127 464 3162 dimidiam
474 3130 540 3173 partem
550 3128 671 3172 longitudinis;
679 3128 737 3177 tollite
746 3129 868 3172 longitudinem
878 3132 961 3174 quattuor
