2211 3575
445 203 522 245 aaran.
538 205 557 251 5,
574 205 605 244 17.
930 212 968 252 259

87 302 192 348 ordinem
206 302 319 362 altiorem,
332 305 386 350 dum
397 306 420 365 in
431 306 529 351 Ecclesia
543 305 647 350 ordinem
658 304 830 351 hierarchicum
842 312 894 349 cum
905 307 970 364 pote-

87 376 143 419 state
151 374 214 433 leges
222 376 311 422 ferendi
320 378 474 423 constitueret.
485 381 517 422 lta
525 379 714 434 umhramrerum
722 378 780 438 ipsis
788 377 968 437 rehusperlecit,

86 442 129 505 pr'o
140 446 219 504 figuris
228 451 250 492 et
259 450 319 508 typis
327 440 466 493 veritatemi.
477 464 498 493 e.
508 448 533 493 id
540 449 601 507 quod
612 440 693 511 figuris
702 453 724 492 et
732 449 794 508 typis
803 450 830 494 ad
835 449 969 493 uuiloratum

86 520 134 561 erat
147 518 270 563 substituit.
284 522 336 564 Erat
345 518 430 579 quippe
444 522 507 564 vetus
520 519 555 563 lex
572 539 581 559 (ι
594 520 631 570 via
645 519 674 563 atl
686 520 836 577 evangelium
846 535 872 564 ac
884 536 967 580 praeco

85 588 191 647 praevius
201 591 223 633 et
237 593 314 650 typus,
326 591 430 635 veniente
444 593 520 635 autem
533 591 651 648 evangelio
663 590 779 651 completa
790 593 824 635 est
839 593 860 634 et
874 592 968 636 cessavit

84 660 141 704 sicut
156 676 200 704 nox
215 665 336 722 appetente
352 662 396 718 dic,
414 662 471 707 sicut
485 662 567 707 umbra
582 662 666 707 additis
683 662 823 706 coloribus»
841 661 931 723 (azert.)
947 666 968 707 et

86 748 96 771 α
108 746 266 792 quaecumque
278 734 315 778 lex
327 734 480 789 adumbravit,
493 750 519 778 ea
531 733 568 778 hic
581 734 680 793 perfecte
689 733 805 793 depinxit3
817 733 874 778 sicut
886 738 908 778 et
919 735 967 794 pic-

83 806 119 846 tor
129 818 176 847 non
184 802 312 863 corrumpit
319 804 458 867 lineamenta
468 806 550 864 prima,
559 805 599 850 sed
610 805 682 863 nangis
693 804 795 850 illustrat
806 808 828 849 et
835 805 965 865 adimplet»
1034 802 1036 805 ’

84 872 965 936 (theophamaeperperentinveninrabaliquibus(Hortantponnadteno.

115 1013 159 1053 Hac
169 1014 249 1054 ratione
261 1015 387 1067 interpretes
401 1015 497 1056 catholici
508 1017 529 1056 et
538 1018 619 1056 veteres
630 1018 650 1056 et
662 1015 791 1055 recentiores
803 1016 916 1066 explicant.
931 1015 962 1055 lta

87 1080 109 1119 S.
121 1075 276 1130 carpancnct
283 1080 389 1121 Christum
398 1080 495 1132 etipsum
505 1081 573 1133 legem
583 1081 716 1129 observasse,
728 1080 797 1120 facere
806 1084 830 1120 ut
839 1093 877 1120 nos
887 1080 962 1120 ohser-

88 1155 171 1193 vemus,
188 1156 236 1184 eum
250 1147 342 1184 veterem
355 1145 424 1196 legem
439 1145 552 1197 perfecisse
563 1147 584 1185 et
597 1144 728 1194 extendisse,;
743 1147 764 1184 et
778 1146 799 1185 S.
814 1145 895 1186 Claram.
912 1157 961 1186 eum

87 1207 215 1260 adimplesse
224 1209 304 1261 legem,
317 1209 367 1249 dum
376 1209 420 1260 ipse
431 1221 476 1249 eam
487 1209 652 1257 consummaret,
663 1210 715 1249 dum
725 1213 838 1261 praecepta
846 1209 900 1262 legis
908 1221 962 1261 quae

88 1273 181 1314 dedisset
186 1274 316 1326 evangelicae
324 1275 402 1326 gratiae
410 1286 459 1315 suae
465 1274 611 1326 supplemento
619 1275 766 1323 confirmaret,
776 1274 827 1314 dum
835 1275 962 1326 mysterium

86 1338 175 1389 paschae
188 1339 292 1391 passionis
303 1337 351 1380 suae
362 1341 492 1379 sacramento
503 1340 629 1391 compleret,
643 1339 693 1379 dum
705 1339 808 1379 sacrificia
816 1339 869 1391 legis
879 1339 962 1379 omnia-

87 1415 128 1455 que
142 1405 237 1457 exempla
250 1405 270 1444 in
285 1416 306 1444 se
320 1404 458 1456 praefigurata
472 1405 594 1457 accipiendo
610 1415 686 1456 corpus
698 1404 795 1445 veritatis
810 1404 891 1445 ratione
907 1416 963 1444 com-

86 1470 164 1520 pleret3
173 1471 194 1509 ct
203 1471 224 1510 S.
235 1469 293 1509 Hier.
306 1481 355 1509 eum
365 1481 418 1520 quae
426 1470 486 1510 rudia
495 1473 565 1510 essent
575 1482 599 1509 ac
606 1470 731 1522 imperfecta
742 1470 765 1509 in
773 1470 821 1521 lege
832 1481 870 1509 sua
880 1469 962 1521 praedi-

85 1534 166 1575 catione
180 1535 296 1586 complesse
307 1537 328 1574 et
339 1535 437 1575 similiter
445 1534 495 1575 Bed.
507 1536 536 1588 pt.
551 1535 594 1575 ord.
608 1536 644 1574 Br.
657 1534 869 1576 praenuncians.
881 1536 962 1575 Pariter

84 1598 130 1639 Alb.
147 1600 214 1640 Thone.
233 1599 338 1652 explicant
355 1599 459 1641 Christum
475 1600 622 1652 multipliciter
640 1601 709 1652 legem
727 1600 841 1653 implesse3
861 1601 961 1640 similiter

84 1664 147 1704 Melet.
160 1664 263 1705 Christum
273 1665 374 1717 implesse
381 1665 444 1705 modo
454 1665 591 1717 quadruplici,
602 1665 704 1717 quiaipse
715 1666 895 1714 eamservaverit,
906 1666 959 1705 hene

84 1730 242 1783 interpretando
258 1722 380 1782 persecuta
395 1730 483 1781 gratiam
499 1742 535 1781 per
549 1742 612 1782 [lnam
625 1729 693 1781 possit
711 1731 798 1782 impleri
815 1730 921 1780 attulerit,
940 1733 960 1769 et

83 1795 132 1846 quia
142 1807 195 1847 quae
207 1796 229 1835 in
239 1795 284 1847 lege
294 1796 399 1847 promissa
407 1798 476 1835 essent
486 1795 606 1835 exhibuerit
616 1798 699 1847 atquae
710 1795 846 1835 caerimoniis
857 1798 879 1834 et
887 1796 960 1847 figuris

82 1861 206 1900 adumbrata
216 1862 286 1900 essent
295 1861 493 1912 repraesentaverit,
506 1862 527 1900 et
537 1860 636 1900 similiter
646 1860 695 1909 Fet.
707 1859 785 1908 Esaias,
799 1862 848 1912 Lep.
861 1859 926 1900 Calin.
940 1862 961 1900 et

82 1937 107 1965 ex
118 1925 271 1966 recentioribus
282 1925 334 1965 Are.
347 1924 435 1977 Solem,
445 1925 534 1973 Reiecit,
549 1925 654 1977 Coleridpc
665 1925 692 1966 Ill
702 1937 724 1977 p.
741 1927 767 1965 66
782 1937 826 1977 seq.
843 1925 921 1965 Grtrnm
932 1926 959 1965 III

68 1991 101 2042 p.
114 1993 146 2040 75,
158 1991 243 2037 Setaea,
255 1990 293 2030 Fal.
307 1990 402 2031 Meretur
411 1992 419 2031 I
429 1994 450 2042 p.
461 1992 507 2031 304.
700 1995 702 1999 “

107 2056 129 2096 Id
137 2056 194 2108 quod
204 2049 297 2096 Christus
308 2056 333 2096 de
341 2055 491 2108 adimpletione
500 2056 553 2107 legis
561 2056 621 2104 dicit⁷
633 2056 749 2108 syniholice
760 2056 803 2095 iam
812 2058 958 2107 repraesenta-

80 2125 114 2163 tur
121 2121 247 2162 invaticinio
257 2112 362 2161 demente
370 2120 487 2161 hominiis.
497 2123 531 2171 ⁶22
541 2124 563 2161 ct
570 2121 631 2161 llich.
642 2123 688 2170 t,l;
699 2133 761 2161 mons
770 2121 846 2173 templi
855 2122 877 2161 in
885 2123 959 2162 uetere

80 2189 206 2227 testamento
218 2187 287 2227 solum
298 2189 360 2227 notus
372 2189 393 2226 et
406 2186 531 2239 conspicuus
542 2186 624 2227 Iudaeis
638 2199 662 2226 en
674 2186 713 2227 hac
726 2186 849 2227 conditione
865 2187 957 2227 limitata

80 2253 213 2304 exsurgitita
223 2255 246 2291 ut
254 2252 347 2292 elevatus
354 2245 479 2303 conspicuus
488 2252 524 2291 fiat
531 2255 551 2291 et
559 2252 633 2291 evadat
645 2255 741 2291 centrum
749 2252 835 2303 populis
844 2252 956 2300 omnihus‚·

80 2317 154 2358 eodem
165 2318 229 2357 modo
245 2329 269 2357 en
282 2317 329 2368 ipso
341 2318 410 2357 vetere
424 2318 550 2356 testamento
565 2308 669 2368 exsurget
678 2328 758 2357 novum
775 2316 957 2373 tamquamxillius

78 2383 181 2435 perfectio
190 2385 210 2423 et
217 2382 328 2422 absolutio.
340 2382 436 2422 Cernitur
444 2394 468 2422 eo
479 2382 575 2434 symbolo
586 2381 612 2421 ad
619 2381 692 2422 vivum
701 2393 837 2433 expressum,
848 2382 957 2433 quomodo

78 2449 133 2489 adsit
142 2461 207 2489 nexus
218 2448 304 2499 quidam
314 2448 410 2487 internus
421 2449 482 2499 atque
491 2446 594 2487 habitudo
605 2447 660 2487 inter
669 2449 795 2498 utrumque,
806 2447 836 2487 ita
843 2450 866 2486 ut
876 2459 956 2488 novum

78 2516 230 2554 testamentum
240 2513 413 2553 uoninstltuatur
421 2513 518 2553 velutres
528 2513 590 2564 plane
600 2524 665 2562 nova,
674 2512 712 2552 scd
721 2513 857 2552 inchoatione
865 2513 956 2564 quadam

77 2582 100 2619 et
105 2578 263 2632 praeparatione
272 2578 294 2617 in
303 2580 374 2618 vetere
381 2580 488 2629 tamquam
496 2578 518 2617 in
526 2578 619 2629 germine
627 2577 795 2629 praeformatum
804 2577 841 2618 sed
849 2578 913 2618 simul
923 2578 958 2618 de-

78 2643 216 2696 prehenditur
233 2643 329 2699 spmholo
342 2644 421 2683 montis
435 2643 515 2683 limites
529 2646 610 2684 veteres
626 2643 687 2695 longe
702 2643 787 2694 lateque
803 2643 925 2683 excedentis
940 2647 960 2684 et

77 2710 99 2749 in
114 2709 204 2749 sublime
215 2708 300 2757 elevati,
312 2708 419 2759 quomodo
428 2720 509 2748 novum
519 2710 672 2748 testamentum
683 2707 761 2747 cortice
772 2707 851 2747 veteris
862 2708 958 2760 disrupto

78 2788 102 2816 ac
109 2776 183 2815 relicto
194 2774 221 2815 ad
230 2773 311 2823 maiora
320 2775 341 2813 et
350 2773 424 2813 altiora
435 2785 480 2814 sese
491 2774 603 2826 protendat
613 2773 669 2827 (vide
680 2784 734 2824 quae
746 2772 789 2812 dini
803 2773 825 2811 in
839 2773 957 2813 Comment.

76 2841 103 2880 ls.
119 2842 140 2880 et
153 2840 213 2881 hiiah.
226 2840 253 2879 ad
262 2840 310 2879 illos
324 2838 398 2891 locos).
411 2839 479 2885 Quare
494 2839 552 2879 facile
565 2838 629 2878 etiam
640 2837 771 2890 perspicitur
784 2849 827 2889 qua
839 2838 959 2879 considera-

77 2907 134 2946 tione
145 2905 237 2945 adhihita
248 2905 289 2944 dici
298 2904 365 2957 possit
377 2904 410 2944 lex
418 2907 479 2944 vetus
490 2904 604 2956 adimpleta
614 2904 650 2943 sed
659 2903 737 2956 partim
746 2903 794 2956 ipsa
804 2903 958 2956 adimpletione

77 2972 182 3023 abrogata.
195 2972 231 3009 Est
241 2970 357 3022 adimpleta
368 2972 470 3022 quatenus
489 2970 586 3017 doctrina
600 2970 621 3009 in
637 2981 660 3009 ea
669 2971 770 3010 contenta
787 2967 848 3023 (quae
863 2970 957 3010 doctrina

76 3047 185 3088 nunquam
197 3037 266 3087 potest
275 3036 371 3088 abrogari
386 3038 428 3077 uilo
441 3048 515 3086 sensu;
529 3036 676 3085 videdcmez,
693 3035 720 3075 de
734 3035 817 3087 legibus
831 3034 868 3074 tit.
884 3037 896 3075 9
912 3047 956 3086 cap.

77 3102 145 3155 MCC)
157 3104 189 3142 cst
200 3101 266 3152 magis
282 3101 385 3153 explicata
396 3105 416 3142 et
426 3102 538 3154 perfectior
555 3101 647 3148 reddita,
666 3103 782 3141 astantem
797 3100 897 3152 abrogata
911 3112 955 3152 qua

75 3173 139 3210 tenus
149 3168 268 3221 praecepta,
278 3166 424 3217 caerimoniae,
435 3168 487 3209 ritus
498 3168 579 3219 aliaque
587 3170 646 3207 vetus
655 3166 711 3206 illud
720 3166 845 3206 institutum
855 3177 896 3217 qua
904 3166 954 3210 tata
