2239 3511
150 197 175 236 98
350 153 351 156 Ἰ
506 190 583 220 ΜΑΤΤΗ.
600 180 618 226 1,
629 179 669 218 le.

149 281 177 342 5·
191 280 267 325 Thena.
284 283 378 324 Summa
391 280 406 323 l.
419 294 438 323 c.
453 282 479 323 ut
494 293 546 323 cum
564 279 615 337 ipsa
627 281 684 322 esset
699 278 764 336 virgo
775 282 797 322 et
813 277 947 337 desponsata
955 279 1025 322 hono-

153 351 277 395 rareturin
291 354 353 394 caet
367 350 485 408 virginitas
501 352 523 394 et
538 350 709 393 matrimonium
727 353 806 394 contra
822 348 947 393 haereticos
963 348 1027 393 alteri

152 422 235 466 horum
244 421 398 466 detrahentes.

182 494 287 546 Quamvis
303 494 380 553 itaque
397 487 571 552 desponsatione
584 493 644 537 lacta
661 486 713 536 iam*
721 492 749 536 iis
769 494 858 551 praesto
877 495 949 537 essent
965 506 1027 536 more

153 565 246 625 antiquo
256 565 307 609 iura
316 564 469 619 matrimonii,
481 567 559 608 tamen
568 578 615 608 non
628 563 704 608 statim
715 563 801 607 solebat
815 578 909 623 sponsus
922 578 1027 623 sponsam

152 651 215 681 suam
225 637 249 680 in
260 636 339 681 eadem
351 651 428 681 secum
438 635 507 680 domo
517 635 604 680 habore
618 628 797 680 cohabitantem.
810 635 834 678 ld
847 650 893 679 non
903 634 972 679 fiebat
984 635 1027 679 nisi

152 708 237 768 nuptiis
250 708 389 752 sollemniter
403 708 519 752 confectis.
537 706 599 751 Unde
617 706 753 764 intelligitur
771 706 892 751 discrimen
906 706 965 766 quod
981 706 1026 750 iam

153 780 284 824 enuntiatur
296 783 359 825 licut.
375 784 429 834 ΞΟΠ
443 793 447 824 :
463 769 518 839 quis
525 782 557 822 est
572 780 641 823 homo
656 779 696 838 qui
708 778 828 838 despondit
840 793 933 823 uxorem
949 781 971 823 et
980 792 1026 821 non

154 851 241 910 accepit
258 853 322 895 eam?
338 854 392 895 Cum
410 852 487 908 itaque
501 846 640 906 evangelista
653 849 714 893 dicat
730 858 853 909 antequam
872 844 1030 903 convenirent,

153 935 194 970 nos
208 921 273 965 docet
287 922 354 979 signa
363 920 552 980 praegnationis,
566 923 657 964 uterum
668 920 871 976 intumescentem,
884 921 1025 981 apparuisse,

155 995 276 1052 antequam
287 992 394 1051 Iosephus
405 1006 513 1051 sponsam
523 1005 587 1036 suam
597 991 684 1051 nuptiis
692 991 784 1050 publice
795 991 915 1036 celebratis
925 992 950 1036 in
963 1006 1027 1036 suam
1042 998 1043 1001 ’

154 1064 275 1108 deduceret
288 1063 392 1117 domum,
405 1064 442 1107 vel
452 1066 577 1121 antequam
587 1062 612 1106 in
625 1063 704 1120 eadem
716 1063 783 1107 domo
796 1063 963 1118 cohabitarent,
979 1063 1024 1118 vel,

154 1138 179 1179 ut
193 1134 248 1180 aab.
268 1135 334 1190 dicit,
353 1137 477 1193 antequam
489 1134 623 1193 nuptiarum
637 1134 757 1192 sollemnia
774 1135 817 1178 rite
831 1135 978 1179 celebrarent.
996 1137 1027 1179 lta

152 1210 253 1255 συνελθεῖν
264 1212 292 1263 de
306 1211 450 1257 habitatione
463 1211 487 1254 in
501 1210 581 1255 eadem
592 1211 659 1255 domo
675 1212 698 1254 vi
710 1212 772 1255 vocis
782 1216 803 1255 et
813 1227 855 1256 usu
872 1212 993 1256 adhibetur
1006 1215 1028 1255 et

112 1313 114 1316 -
152 1285 254 1329 hocloco
265 1282 373 1327 itadebet
385 1282 459 1342 accipi
472 1285 568 1342 propter
580 1298 600 1327 v.
618 1287 646 1326 20
662 1297 708 1342 quo
718 1282 812 1345 iubetur
825 1283 925 1342 accepere
935 1283 1027 1327 llariam

151 1354 278 1421 napctcdeir
291 1361 306 1404 i.
318 1375 337 1404 e.
351 1360 380 1404 ad
390 1375 413 1404 se
422 1359 516 1404 domum
527 1373 591 1403 suam
602 1358 728 1415 adducere,
740 1359 765 1403 id
775 1359 837 1419 quod
847 1376 867 1404 v.
880 1365 908 1405 2t
921 1361 1027 1420 Iosephus

151 1433 271 1493 praestitit.
292 1434 321 1475 llo
339 1430 408 1475 niodo
428 1444 507 1475 vocem
515 1431 567 1479 „rite
587 1431 703 1490 accipiunt
719 1433 743 1476 S.
766 1433 854 1486 Brzcnc,
875 1431 946 1476 Sulca
966 1434 1026 1476 Mor.

154 1503 226 1549 Calin.
242 1504 322 1562 burrey,
338 1504 401 1547 Patr.
417 1502 517 1561 Sclrcpq,
532 1502 636 1555 ltec'scbl,
644 1501 746 1557 Sedena,
760 1502 803 1555 Fz'l,
818 1502 880 1556 Keil,
896 1502 973 1547 Weiss.
986 1503 1027 1546 Alii

152 1578 228 1619 tamen
238 1577 271 1618 sat
281 1574 346 1617 multi
357 1587 437 1617 vocem
447 1572 564 1632 accipiunt
574 1572 602 1616 de
611 1587 735 1630 congressu
744 1574 856 1627 maritali3
866 1574 899 1626 ita
907 1575 931 1619 S.
947 1573 1025 1634 Chrys.

151 1645 229 1690 Ababa.
243 1645 302 1689 Hier.
316 1644 396 1689 Pascl.
411 1643 508 1703 l'lccoplc.
521 1644 589 1687 Erite.
602 1635 674 1688 Muld.
686 1645 738 1689 Bur.
751 1646 808 1688 Tost.
821 1646 882 1695 lons.
893 1647 949 1704 Lep.
962 1645 1025 1703 Splo.

152 1719 195 1770 Sa,
208 1719 256 1761 Est.
267 1717 337 1769 Mera,
348 1715 388 1773 qui
397 1714 535 1774 plerumque
544 1715 613 1758 etiam
624 1716 747 1774 opinantur
756 1716 848 1760 Mariam
857 1717 904 1759 iam
914 1716 1027 1760 habitasse

152 1795 176 1838 in
187 1793 266 1837 eadem
280 1807 331 1836 cum
345 1792 424 1851 loseph
435 1791 510 1835 domo.
526 1794 571 1834 Vox
580 1792 673 1850 quidem
687 1789 788 1833 συνελθεῖν
801 1794 869 1837 etiam
880 1793 907 1837 de
918 1807 1028 1837 commer-

152 1865 186 1909 cio
199 1863 364 1908 matrimoniali
381 1862 516 1916 adhibetur;
532 1865 555 1906 at
565 1877 610 1921 quo
625 1878 691 1908 sensu
706 1863 743 1908 hic
756 1865 950 1921 usurpetur,erui
961 1864 1027 1909 debet

152 1951 177 1979 ex
191 1951 211 1980 v.
225 1940 260 1979 20.
275 1939 316 1988 bb,
328 1933 416 1979 accedit
433 1933 496 1993 quod
506 1934 645 1991 evangelista
655 1934 679 1978 in
694 1951 716 1978 ν.
732 1940 759 1980 25
771 1935 798 1978 de
812 1935 883 1979 altero
895 1949 960 1979 sensu
974 1950 1027 1980 voce
1040 1983 1042 1988 ,

92 2007 94 2009 ’
151 2008 222 2051 ut'tur
239 2005 398 2064 cognoscendi.
547 2054 549 2059 ,
773 2019 775 2023 ·

180 2081 248 2122 Beata
259 2079 324 2134 virgo
334 2077 410 2121 statim
419 2079 469 2135 post
480 2076 652 2134 conceptionem
662 2076 718 2121 abiit
727 2077 751 2121 in
762 2081 869 2122 montana
880 2079 904 2121 in
914 2078 1027 2122 civitatem

88 2137 90 2142 ’
151 2148 205 2193 luda
219 2148 247 2192 ad
257 2147 373 2192 Elisabeth
385 2150 407 2190 et
423 2161 476 2190 cum
490 2146 529 2189 illa
542 2148 626 2191 mansit
638 2148 703 2206 quasi
716 2149 832 2193 mensibus
841 2149 914 2192 tribus
928 2148 988 2209 (Luc.
1005 2154 1025 2205 1,

151 2225 186 2266 39.
205 2220 249 2280 56);
266 2219 321 2264 abiit
334 2218 393 2274 sola,
410 2232 521 2278 sponsum
537 2232 583 2261 non
596 2218 697 2262 habebat
713 2220 827 2264 comitem.
845 2223 941 2265 Reversa
954 2220 1027 2277 igitur

151 2294 200 2351 post
213 2294 303 2349 tempus
314 2290 360 2344 fere
378 2290 449 2333 trium
462 2289 587 2344 mensium,
603 2305 649 2348 quo
663 2295 766 2349 tempore
778 2292 845 2349 signa
858 2292 1027 2351 praegnationis

150 2382 260 2428 apparere
270 2368 353 2422 solent,
365 2367 458 2411 inventa
468 2373 500 2410 est
509 2365 534 2410 ab
547 2374 611 2425 utero
624 2366 709 2411 babens
721 2368 748 2411 de
758 2369 847 2426 Spiritu
856 2376 946 2421 sitrecte,
961 2366 1025 2426 εὑρέθη

151 2446 167 2488 i.
178 2461 197 2489 e.
209 2448 234 2488 ut
246 2444 314 2488 Eatb.
330 2444 389 2487 bene
403 2443 501 2502 explicat
513 2443 587 2500 ἐφάνη,
603 2444 717 2503 apparuit.
733 2446 797 2489 Notat
810 2446 833 2490 S.
848 2445 925 2505 Chrys.
941 2448 962 2489 et
977 2451 1027 2506 post

152 2529 205 2559 eum
217 2514 315 2573 Tbecpb.
330 2513 406 2557 Τίνων.
419 2513 492 2558 alala.
503 2513 600 2559 verbum
610 2513 656 2557 dici
669 2513 697 2558 de
710 2529 735 2558 re
749 2530 808 2574 quac
820 2519 912 2576 praeter
927 2531 990 2576 spem
1005 2520 1027 2562 et

152 2586 341 2646 exspectationem
362 2586 463 2639 eveniat;
486 2585 510 2629 id
531 2599 584 2628 vero
604 2586 648 2629 hcc
667 2587 717 2630 loco
737 2587 936 2644 significarinullo
959 2588 1026 2633 modo

152 2674 207 2718 opus
218 2661 260 2712 est,
277 2650 342 2713 nani,
355 2660 380 2700 ut
390 2658 414 2702 S.
429 2659 506 2701 Bruno
518 2657 578 2701 bene
591 2660 664 2712 notat,
677 2672 727 2702 eam
740 2660 811 2703 visam
825 2674 871 2705 esse
883 2660 1003 2717 gravidam
1013 2675 1027 2704 a

151 2728 311 2782 familiaribus,
327 2729 356 2772 ab
368 2729 395 2772 iis
409 2730 448 2787 qui
462 2744 514 2772 cum
526 2743 553 2772 ea
565 2728 722 2785 versabantur,
740 2749 749 2770 a
763 2745 830 2775 nemo
844 2734 922 2775 tamen
938 2746 987 2775 eam
1002 2732 1027 2776 in

152 2800 229 2858 aliquo
242 2803 368 2859 suspectam
383 2799 476 2855 habuit,
492 2800 599 2860 quoniam
615 2800 774 2861 desponsatam
787 2816 834 2846 esse
849 2802 950 2847 sciebant
963 2820 983 2848 ν,
996 2806 1027 2848 Ea

152 2886 187 2916 res
203 2870 274 2915 solum
287 2872 343 2915 mira
358 2874 379 2915 et
395 2875 487 2931 practer
497 2872 688 2932 exspectationem
705 2873 789 2917 accidit
799 2876 820 2918 S.
839 2875 944 2934 Iosepho.
963 2875 1027 2926 Quod

152 2943 176 2987 S.
191 2941 252 2985 Hier.
266 2942 333 2996 dicit,
347 2943 469 3002 losephum
480 2958 538 3002 pene
548 2944 641 2988 licentia
651 2945 751 2989 maritali
763 2945 853 2990 futurae
864 2947 938 2991 uxoris
951 2947 1026 2991 omnia

151 3013 252 3068 novisse,
268 3032 277 3052 e
295 3014 338 3056 nisi
354 3029 389 3058 me
404 3016 464 3058 tanti
479 3016 577 3059 auctoris
590 3016 719 3060 reverentia
733 3017 853 3073 retineret,
871 3019 947 3062 minus
961 3033 1023 3063 reve·

151 3095 227 3136 renter
251 3089 336 3135 dictum
361 3091 472 3145 dicerem,
492 3093 545 3137 satis
567 3092 640 3136 habeo
660 3107 707 3137 non
726 3096 841 3150 assentiri,·
865 3110 918 3140 nam
932 3092 1025 3154 εὑρίσκειν
