2211 3575
182 215 183 218 ,
234 200 238 217 Ι

274 245 300 274 DE
314 244 452 274 ulsrosrrloua
467 219 583 275 nudantur
598 240 737 273 trithenius·

111 349 131 388 2.
151 340 252 387 Christus
261 341 315 398 post
324 343 424 383 mortem
436 339 576 401 glorificatus
591 342 749 396 27,51-28‚15.
793 369 794 372 =

114 415 121 422 ”
134 401 136 406 ’
155 401 317 472 Testimonium
330 402 388 454 caeli
399 412 421 453 et
430 410 554 456 hominum
568 414 686 466 auor-at.

153 479 262 528 amiciet
275 479 363 524 inimici
376 485 495 534 amb-66¹.

111 587 113 589 .
154 551 235 596 Christi
258 565 391 608 resurgens*
406 551 528 596 confundit
557 551 673 614 inimicos,
698 552 828 595 consolatur
849 549 933 593 amicos
986 606 989 612 Ι

183 625 294 676 car-15:
545 665 547 671 ,

71 723 81 735 ,ι
108 701 128 740 3.
147 692 224 752 Operis
244 692 346 736 ilessiani
366 692 489 737 absolutio,
513 696 625 738 Potestate
649 694 759 738 Messiana
783 682 892 751 apostolis
907 690 932 734 in

156 791 157 794 =
183 762 443 817 universummundum,
454 762 479 807 in
491 778 560 807 omne
572 767 663 822 tempus
674 764 762 807 tradita
771 766 793 807 et
803 761 932 806 assistentia

180 836 292 892 perpetua
306 825 421 893 promissa
437 848 496 893 opus
509 835 645 879 llessianum
658 837 779 879 terrenum
792 832 929 886 absolvitur,
959 837 961 841 '

114 960 117 961 7
183 905 289 948 Matthaei
305 904 458 963 Evangelium
471 906 744 962 ¹concluditur‘adAd-20.

72 1016 93 1050 (il
103 1010 183 1056 C'oruety,
198 1013 313 1047 Introductio
324 1013 359 1047 111²
369 1014 433 1055 67-76,
446 990 530 1056 crearer,
542 1015 589 1048 Uns.
600 1014 717 1056 Evangelien
728 1014 788 1053 55-57,
800 1009 863 1046 Zotu³
872 1010 913 1045 Ius.

78 1140 144 1184 Plura
155 1153 181 1182 ex
193 1137 228 1181 his
241 1152 300 1195 quae
310 1137 431 1196 proposita
443 1141 503 1192 sunt,
519 1137 549 1181 ab
558 1139 652 1182 auctore
663 1136 778 1195 descripta
790 1138 842 1179 sunt
852 1141 931 1178 secun·

50 1212 104 1256 <lum
121 1209 225 1254 ordinem
237 1208 381 1261 historicum,
394 1207 435 1266 qui
449 1208 531 1252 eodem
545 1208 614 1252 modo
625 1208 654 1251 ab
665 1207 715 1252 aliis
729 1205 930 1266 Synopticistene-

49 1287 93 1326 tur.
110 1281 153 1326 Sed
166 1279 297 1324 'Matthaeus
320 1278 443 1324 selectione
469 1279 580 1324 materiae
599 1280 661 1323 hunc
682 1278 787 1322 ordinem
808 1276 930 1322 chronolo-
967 1269 969 1271 ’

49 1354 126 1411 gicum
142 1366 183 1397 suo
200 1352 241 1395 fini
260 1350 430 1404 subordinavit,
448 1351 511 1410 'quod
532 1351 589 1395 adeo
607 1365 687 1395 rerum
706 1354 747 1404 est,
764 1352 791 1393 ut
809 1364 838 1393 ne
855 1348 930 1408 passio
987 1407 990 1409 ‚

50 1424 141 1483 quidem
155 1422 238 1483 Christi
255 1423 280 1466 in
291 1427 369 1466 nostro
383 1421 508 1479 Evangelio
522 1423 648 1467 secundum
661 1421 782 1481 respectus
791 1435 855 1465 mere
866 1421 932 1464 chro-

49 1485 166 1552 nologicos
181 1485 287 1538 ordinata
304 1494 340 1538 sit.
354 1494 390 1538 Sic
404 1509 464 1553 quae
476 1497 602 1553 narrantur
615 1495 649 1537 Mt
662 1497 801 1549 26,1-2.3-5.
817 1496 869 1536 6-13
882 1506 930 1549 non
965 1502 966 1506 ’
991 1515 992 1518 =

49 1567 125 1610 omnia
138 1566 253 1610 censenda
266 1568 320 1609 sunt
337 1568 402 1623 gesta
417 1565 507 1609 duobus
520 1565 604 1610 diebus
616 1567 668 1608 aute
682 1565 777 1623 pascha,
793 1564 833 1609 sed
849 1562 930 1607 saltem

49 1641 141 1691 aaa-13
156 1636 260 1696 pluribus
270 1636 350 1680 diebus
360 1639 427 1680 antea
440 1631 527 1681 iactum
538 1640 579 1690 est,
596 1636 619 1680 ci
632 1637 648 1681 J
660 1639 747 1694 ‘lar-8.
760 1635 827 1679 Trina
835 1635 928 1691 negatio

49 1708 107 1752 Petri
120 1700 155 1752 ita
168 1711 282 1762 narratur,
299 1722 325 1751 ao
343 1707 363 1768 si
377 1706 437 1751 nihil
454 1707 517 1751 aliud
530 1707 618 1752 interca
633 1710 724 1764 gestum
738 1709 796 1750 esset
809 1703 926 1759 aa'oo-ra.

48 1779 198 1842 probabiliter
212 1778 293 1822 ultima
305 1778 440 1838 protestatio
452 1778 519 1822 Pilati
532 1780 566 1823 Mt
575 1782 693 1833 ‘awti-26,
707 1782 810 1836 tempore
824 1777 930 1835 sequitur
952 1835 953 1840 Ἰ
991 1834 994 1841 ι

49 1865 139 1909 eaquae
153 1854 260 1904 ‘Mt-30
270 1853 335 1906 gesta
351 1853 412 1894 sunt.
428 1849 545 1894 Percussio
562 1844 641 1893 lateris
654 1847 745 1903 Christi,
760 1849 779 1892 si
794 1849 849 1893 adli
862 1851 929 1901 2119

48 1926 159 1977 narratur,
170 1926 230 1965 certo
243 1924 294 1980 post
312 1921 360 1977 eius
377 1924 474 1964 mortem
488 1922 547 1965 lacta
559 1926 600 1975 est,
613 1923 674 1964 Inter
691 1921 756 1978 signa
769 1923 820 1979 post
831 1923 932 1986 mortem

48 1993 129 2038 Christi
150 1993 237 2050 legitur
262 1993 377 2052 apparitio
397 1996 540 2037 mortuorum
562 1995 613 2052 post
640 1991 834 2041 resurrectionem
848 1995 927 2045 2253.

48 2064 130 2113 Quibus
150 2064 284 2118 ostenditur,
301 2069 444 2123 quantopere
465 2062 719 2120 evangelistasducatur
734 2061 863 2106 rationibus
878 2061 929 2105 aliis

47 2149 116 2192 apuam
127 2150 190 2179 mere
199 2138 222 2178 et
231 2134 345 2178 exclusive
359 2133 537 2198 chronologicis.

89 2287 124 2321 vt.
134 2286 199 2330 ’‘D‘'
209 2283 320 2317 relatione
330 2284 390 2317 inter
401 2282 430 2317 Mt
440 2293 547 2325 graecum
557 2286 579 2318 et
590 2273 776 2328 aramaicum,11t
790 2287 812 2319 et
822 2284 882 2321 rur-L.

103 2388 129 2429 A.
144 2388 174 2429 De
185 2385 218 2428 tu
228 2398 312 2440 graeco
321 2386 347 2427 et·
356 2382 481 2427 aramaico.

76 2459 131 2500 Cum
140 2458 213 2500 textus
228 2454 384 2513 primigenius
397 2455 503 2498 Matthaei
519 2455 613 2499 omnino
625 2454 745 2509 interierit,
755 2445 837 2515 neque¹
845 2456 929 2501 admit-

48 2527 113 2570 tenda
131 2527 159 2570 sit
182 2526 296 2570 sententia
318 2525 466 2584 quorundam
487 2530 593 2570 veterum
618 2526 646 2570 de
667 2526 789 2570 identitate
808 2528 929 2584 Evangelii

47 2598 169 2641 seeundum
183 2594 305 2641 'Hebraeos
327 2590 366 2641 aut
386 2599 512 2640 Nazaraeos
535 2612 587 2641 cum
612 2598 646 2640 dit
666 2599 789 2658 aramaico,
807 2598 928 2658 [praeeritur

47 2667 129 2724 quibus
147 2668 274 2712 rationibus
293 2667 384 2711 ostendi
400 2667 471 2726 possit
488 2670 594 2711 nostrum
613 2669 647 2712 Mc
667 2679 777 2724 graecum
794 2683 847 2713 cum
864 2671 926 2712 textu

47 2741 157 2783 arainaico
173 2738 306 2783 convenire.

75 2809 148 2853 Primo
158 2813 246 2853 constat
254 2809 316 2853 inter
330 2824 367 2853 eos
378 2809 492 2868 qui'initio
503 2809 587 2853 saeculi
599 2809 695 2854 secundi
708 2813 748 2854 aut
762 2810 845 2855 in'tine
858 2811 929 2869 primi

47 2879 74 2921 de
85 2880 197 2925 itltlccuti
210 2881 262 2936 sint,
277 2881 368 2924 nullum
382 2878 452 2923 fuisse
467 2879 574 2935 dubium,
587 2879 644 2939 quin
658 2881 691 2924 tlt
701 2884 778 2925 noster
790 2896 843 2926 oum
860 2897 929 2941 opera

48 2949 75 2992 ab
91 2951 192 3010 apostolo
210 2952 336 3010 composito
353 2951 481 2995 identioum
496 2951 574 2995 fucrit.
588 2955 619 2996 llo
635 2951 697 2994 enim
711 2954 814 3011 tempore
832 2967 929 3013 graecus

47 3022 117 3065 textus
128 3025 192 3065 notus
203 3027 259 3076 erat,
273 3023 359 3081 passim
369 3022 486 3067 adhibitus
497 3026 538 3076 est,
551 3026 573 3066 et
584 3027 611 3081 ut
624 3023 709 3067 scimus
721 3024 750 3067 ab
759 3023 786 3066 iis
796 3024 836 3082 qui
846 3024 929 3067 inune-

47 3088 106 3134 diate
126 3095 205 3151 postea
219 3093 367 3152 seripserunt,
385 3093 497 3138 llatthaco
513 3090 640 3152 adscriptus
656 3096 696 3136 est.
709 3096 840 3153 Numquam
851 3098 929 3138 autem

46 3157 157 3206 inhaere
174 3162 271 3206 [latrium
286 3169 361 3207 ortum
372 3168 412 3209 aut
426 3164 502 3207 verlais
513 3164 592 3223 aliqua
606 3164 719 3207 restrictio
735 3165 795 3208 facta
810 3168 852 3208 cst.
864 3165 927 3209 Unde
