2239 3511
126 218 165 262 180
485 215 568 261 narsus
579 225 598 268 a,
615 210 648 261 31,

126 321 268 374 universum,
288 306 381 365 ornnem
397 334 455 379 quae
477 319 570 365 dimissa
584 312 624 375 sit,
648 316 739 364 etiamsi
755 319 852 379 propter
866 322 1007 367 adulterium

127 393 197 437 eiecta
207 391 243 446 sit,
257 389 333 436 elucet
346 404 372 436 er
386 390 501 436 locutione
511 390 613 448 generali
628 393 650 435 et
663 404 691 444 ex,
705 405 734 435 eo
746 391 800 450 quia
816 390 867 453 fieri
882 393 970 451 nequit,
981 397 1007 438 ut

126 459 197 507 verba
205 463 247 508 illa
254 470 347 524 excepta
353 462 515 524 fornicationis
525 477 593 508 cereso
604 462 673 507 etiam
683 461 712 506 ad
722 461 766 506 hcc
773 462 906 521 membrum
912 461 1006 508 trahan-

124 538 171 579 tur.
182 538 238 579 Nam
248 532 273 579 id
283 538 341 580 esset
348 535 417 595 plane
427 533 586 590 arbitrarium
597 532 623 578 id
631 537 689 587 esset
700 547 791 594 quoque
800 532 868 593 plane
878 533 1005 579 absurdum

125 610 147 650 et
160 621 228 665 quam
241 607 339 651 maxime
350 621 489 667 perversum.
502 607 559 651 Tum
568 605 629 651 enim
639 605 756 650 adulterae
765 603 857 650 mulieri
868 605 933 665 quasi
942 620 1006 666 prae·

125 677 197 721 mium
210 677 350 723 tribueretur
361 694 374 723 a
385 677 480 734 Christo,
496 681 521 723 ut
534 676 625 723 vinculo
637 674 720 737 prioris
729 675 872 721 matrimonii
880 677 954 722 soluto
965 678 1005 722 im-

124 764 185 808 pune
199 750 308 795 transiret
322 750 351 794 ad
366 751 411 795 alie
423 753 484 806 vota,
500 750 554 794 dum
570 749 654 794 mulier
666 749 775 794 innocens
789 751 810 793 et
822 748 907 808 pudica
921 764 1005 809 quaea

126 820 173 864 viro
186 821 271 865 iniuste
285 821 445 881 repudiaretur
463 821 491 865 ad
512 825 648 881 perpetuam
671 820 836 866 continentiam
851 820 1001 878 obligaretur.

124 895 202 935 Nonne
210 893 242 935 ita
247 892 286 943 ¹ria
296 893 425 952 aperiretur
434 892 540 952 plurimis
551 892 691 936 sceleribus?
700 895 727 936 Et
736 892 754 936 si
764 894 815 951 quis
824 893 849 937 in
855 891 1003 936 matrimonio

98 969 100 971 “
123 962 263 1007 multascum
270 962 607 1021 uxoreexperfreturmolestias
614 963 651 1007 vel
658 975 735 1007 amore
742 957 865 1008 libidinoso
875 966 1001 1023 caperetur,

122 1048 198 1077 nonne
211 1046 279 1092 quam
294 1035 419 1079 maximum
435 1033 549 1078 exsisteret
558 1033 732 1078 incitamentum
746 1034 774 1079 ad
788 1034 928 1080 adulterium
942 1049 1003 1079 com-

122 1104 269 1160 mittendum,
288 1103 473 1165 quamprimum
488 1119 519 1149 eo¹
529 1108 622 1164 peccato
636 1106 709 1165 ipsum
728 1104 846 1151 vinculum
860 1107 1002 1151 matrimonii

121 1175 260 1221 solveretur?
274 1178 299 1221 ln
307 1179 383 1221 vetere
395 1177 446 1234 lege
457 1176 551 1236 aliquod
560 1176 652 1221 frenum
662 1176 711 1236 ipsc
722 1175 803 1220 libello
812 1176 904 1237 repudii
914 1177 1001 1223 inlicie-

123 1247 200 1303 batur,
214 1248 277 1293 hunc
292 1245 399 1293 libellum
412 1248 512 1293 Christus
525 1248 636 1301 abolevit;
653 1261 739 1305 ergone
754 1241 881 1297 censendus
896 1253 928 1293 est
941 1250 1001 1294 solu-

121 1316 208 1364 tionem
218 1317 305 1365 vinculi
316 1315 428 1364 atldlterio
439 1314 558 1365 commisso
565 1319 691 1364 reddidisse
704 1320 773 1364 etiam
784 1319 926 1364 faciliorem?
952 1364 953 1369 ,

150 1390 219 1435 Huius
232 1391 277 1435 lori
291 1390 504 1450 interpretationem
515 1391 584 1436 'nobis
599 1391 693 1450 insuper
702 1391 798 1450 parcebat
813 1394 834 1436 S.
851 1381 934 1436 Paulus
945 1394 999 1438 scri-

119 1462 175 1506 bens
189 1461 288 1521 :quodsi
302 1461 428 1507 discesserit
442 1460 543 1522 (mulier)
557 1475 650 1506 manere
659 1462 779 1521 innuptam
792 1463 832 1506 aut
848 1463 898 1507 viro
912 1477 952 1507 suo
963 1478 1000 1510 re-

119 1532 257 1578 conciliarit
270 1533 319 1577 Cor.
334 1537 395 1588 7‚11.
408 1536 438 1577 Do
449 1533 501 1577 loco
512 1532 542 1577 ad
551 1532 641 1577 Domini
650 1535 805 1592 praeceptum,
818 1534 918 1593 proinde
928 1534 958 1579 ad
967 1536 999 1581 le·

118 1618 172 1661 gem
183 1619 196 1648 a
206 1604 293 1649 Christo
304 1604 366 1649 hisee
380 1604 405 1649 in
419 1604 483 1649 terris
498 1607 654 1648 commorante
667 1606 783 1659 statutam,
799 1605 870 1649 refert
879 1608 901 1650 S.
916 1607 999 1652 Paulus

118 1676 291 1719 matrimonium
300 1682 346 1720 esse
356 1674 528 1729 indissolubile3
537 1675 605 1720 simul
615 1677 691 1720 autem
699 1674 787 1720 indicat
797 1675 888 1720 evenire
898 1692 963 1737 posse
973 1683 998 1723 ut

117 1747 199 1791 mulier
212 1747 275 1791 licite
289 1746 391 1792 discedat
406 1763 420 1792 a
430 1748 487 1803 viro,
502 1748 532 1791 ita
545 1749 622 1803 tamen
633 1750 659 1790 ut
669 1742 691 1791 ei
706 1747 774 1792 liceat
786 1747 805 1791 si
816 1747 872 1792 velit
882 1749 997 1794 advirum

117 1817 203 1874 redire3
219 1820 237 1863 si
247 1834 301 1864 vero
315 1819 374 1862 nolit
383 1819 466 1873 redire,
478 1822 507 1879 Ι111
517 1821 609 1863 maneat
618 1819 723 1877 innupta.
733 1818 832 1862 Proinde
842 1823 863 1863 S.
878 1820 960 1865 Paulus
971 1837 997 1865 ex

116 1893 238 1950 praecepto
249 1891 337 1935 Domini
350 1890 453 1948 agnoscit
466 1889 636 1950 separationem
649 1890 675 1934 in
684 1889 833 1936 matrimonio
846 1890 939 1936 vinculo
947 1907 997 1937 ma-

115 1964 192 2017 nente,
205 1976 263 2022 quae
272 1964 350 2006 tamen
360 1962 472 2021 separatio
481 1962 565 2006 iterum
574 1961 635 2005 licite
644 1961 695 2005 tolli
704 1961 782 2021 possit.
793 1964 840 2006 Iam
848 1976 902 2006 uero
913 1963 957 2008 hoe
967 1965 999 2008 ad

116 2034 224 2078 amussim
238 2033 342 2092 congruit
353 2033 428 2077 verbis
439 2033 531 2078 Christi:
541 2037 567 2077 ln
578 2047 640 2078 nora
651 2032 704 2090 lege
714 2032 778 2077 idem
787 2036 820 2077 est
832 2034 867 2078 ius
878 2035 996 2080 matrimo-

114 2104 176 2148 niale
187 2107 209 2149 et
215 2118 256 2164 pro
267 2105 316 2149 viro
326 2109 397 2164 etpro
406 2104 502 2149 muliere
511 2103 549 2163 (ef.
560 2109 571 2149 1
584 2108 633 2149 Gor.
646 2108 691 2158 7,3.
702 2108 723 2149 t.
738 2104 783 2163 11).
793 2107 852 2161 Ergo
862 2105 996 2165 quchhri-

107 2176 161 2220 vstus
173 2174 215 2236 pro
224 2176 273 2220 viro
286 2177 364 2220 statuit
378 2192 398 2220 v.
414 2180 450 2230 32,
463 2176 524 2220 valet
537 2190 629 2235 quoque
639 2191 681 2235 pro
692 2175 796 2220 muliere.
808 2176 910 2221 Christus
919 2181 994 2222 autem

113 2248 226 2307 permittit
241 2247 296 2303 viro,
317 2262 362 2292 non
379 2248 401 2291 ei
415 2247 535 2307 praecipit,
558 2251 582 2292 ut
596 2247 725 2292 adulteram
743 2246 864 2291 mulierem
882 2249 993 2302 dimittat;

112 2320 210 2380 proinde
224 2334 250 2364 ea
260 2320 372 2378 separatio
386 2322 420 2364 est
431 2318 504 2375 lieita;
517 2319 572 2379 quia
584 2322 719 2363 autemnon
729 2322 763 2363 est
776 2322 907 2378 praecepta,
921 2324 995 2379 potest

112 2391 149 2436 vel
160 2392 253 2436 omnino
262 2406 309 2435 non
319 2390 370 2435 fieri
378 2391 415 2435 vel
425 2391 486 2435 facta
495 2390 556 2444 tolli3
567 2406 597 2435 en
606 2390 719 2434 habemus
731 2390 793 2434 idern
804 2390 868 2448 quod
878 2393 900 2434 S.
912 2391 995 2435 Paulus

111 2463 127 2507 l.
140 2478 158 2506 c.
174 2463 258 2506 statuit.
271 2465 343 2512 Quare
356 2462 438 2506 merito
450 2465 537 2505 ueteres
550 2460 596 2505 iarn
610 2461 748 2519 interpretes
757 2462 815 2505 haee
827 2460 899 2505 verba
912 2462 994 2506 Christi

113 2527 244 2578 enarrantes
255 2547 339 2590 magna
349 2533 497 2577 consensione
507 2535 633 2591 provocant
642 2532 672 2576 ad
682 2536 692 2576 1
703 2535 753 2576 Cor.
765 2536 816 2588 7,11
829 2532 936 2578 docentes
945 2533 994 2578 lici-

112 2611 157 2651 tam
168 2620 215 2650 esse
223 2604 248 2648 in
259 2618 312 2650 casu
323 2604 429 2649 adulterii
439 2604 596 2648 discessionem
609 2606 716 2648 manente
723 2604 904 2656 tamenviuculo
914 2606 992 2650 matri-

111 2678 189 2722 monii.
206 2681 239 2722 Ita
249 2676 328 2722 scribit
342 2677 366 2721 S.
383 2677 444 2736 Aaq.
455 2691 463 2719 :
478 2686 488 2718 c
504 2676 544 2720 sed
560 2676 705 2720 consulamus
719 2677 848 2735 apostolum
860 2692 889 2720 ne
904 2677 993 2737 aliquid

110 2755 195 2795 temere
210 2749 312 2794 dicamus
327 2748 347 2808 (1
363 2751 411 2793 Gor.
427 2753 488 2803 7,10.
507 2748 572 2808 11)...
588 2750 662 2808 potest
676 2748 737 2792 enim
749 2748 836 2792 fierint
851 2748 953 2793 discedat
966 2764 992 2792 ea

111 2836 176 2866 eausa
186 2820 231 2880 qua
241 2820 349 2865 Dominus
358 2821 497 2880 permittit...
509 2834 580 2879 quare
592 2834 639 2864 non
650 2819 738 2864 addidit
750 2821 843 2878 excepta
856 2820 989 2864 fornicatio-

111 2894 146 2937 nis
166 2908 241 2945 causa,
256 2892 299 2936 nisi
313 2892 367 2951 quia
383 2891 482 2936 similem
499 2892 597 2936 formam
610 2892 659 2937 vult
676 2889 786 2947 intelligi,
803 2893 828 2934 ut
844 2892 862 2935 si
878 2889 991 2936 dimiserit

111 2964 179 3024 (quod
191 2978 257 3007 causa
272 2963 429 3008 fornicationis
440 2963 590 3023 permittitur)
607 2965 698 3007 maneat
711 2962 759 3006 sine
772 2977 844 3007 uxore
861 2966 901 3008 aut
910 2976 990 3007 recon-

110 3035 201 3081 cilietur
211 3035 288 3078 uxori?
298 3035 351 3093 quia
360 3038 382 3078 ct
391 3036 429 3094 qui
440 3036 494 3080 dicit
506 3048 511 3079 z
521 3036 630 3079 nonlicet
641 3033 756 3079 dimittere
766 3049 865 3079 uxorem.
870 3036 913 3079 nisi
923 3047 991 3078 carisa

108 3106 275 3161 fornicationis,
288 3106 349 3162 cogit
359 3106 458 3150 retinere
468 3120 569 3160 uxorem,
582 3105 600 3149 si
609 3120 676 3150 causa
686 3105 842 3151 fornicationis
851 3121 899 3150 non
907 3103 987 3156 fuerit3

109 3180 127 3224 si
140 3183 215 3224 autem
229 3177 307 3232 fuerit,
321 3191 367 3220 non
383 3177 444 3234 cogit
458 3177 581 3231 dimittere,
595 3177 633 3221 scd
647 3177 761 3236 permittit
774 3195 784 3218 1
800 3178 835 3237 (de
847 3191 914 3222 serm.
928 3173 989 3220 Diu
