2239 3511
121 171 125 189 ³
144 169 182 210 ran
204 222 205 227 ἵ
346 215 366 230 ,¹
415 198 416 201 ,
498 138 571 207 isirin.
588 167 606 216 3,
624 167 656 205 11.

143 257 246 311 hebetur.
260 266 322 329 Unde
333 280 360 309 ea
370 265 483 309 locutione
494 280 552 324 quae
561 264 590 309 ad
600 265 732 309 animorum
742 279 832 309 sensum
843 266 1014 331 accommodata
1038 271 1040 275 ’

144 339 191 381 erat
207 337 326 393 maximam
345 335 451 380 excitavit
468 335 496 379 de
517 336 592 379 llcssia
607 334 800 395 'exspectationem
815 338 838 379 et
853 337 921 381 simul
936 339 1012 395 docet,

143 408 161 450 si
170 408 216 450 iarn
229 407 258 453 ad
270 421 292 452 sc
303 410 366 451 tanto
379 406 453 451 studio
468 410 587 451 accurrant
602 400 689 466 quanta
701 408 819 452 sedulitate
833 407 930 453 debeant
945 410 1014 454 verba

140 478 229 523 llessiac
247 478 357 537 excipere.
378 480 424 529 Quo
441 478 623 524 sensuChristus
642 478 723 523 fortior
741 479 780 534 sit,
799 479 873 523 statim
894 479 973 523 subdit
989 494 1015 523 ex

142 549 224 594 Christi
242 541 355 609 baptismo
371 552 393 593 et
410 564 432 594 v.
453 554 481 594 12
496 549 665 608 etpraesertim
686 550 814 594 declaratur
831 553 891 595 loen.
915 542 1013 606 1‚30'ex
1066 570 1069 579 ·

141 620 229 665 llessiac'
241 618 364 665 divinitate.
377 623 403 664 Et
416 634 444 664 ne
458 621 508 680 quis
518 623 607 680 putaret
618 620 762 665 collationem
776 614 826 666 esso
834 621 894 683 inter
905 622 982 681 ipsum
992 624 1014 665 et

123 731 126 735 ,
141 692 250 747 llessiam,
265 691 367 738 declarat
383 706 498 736 excessum
510 692 647 736 immensum
660 707 664 739 :
678 693 741 737 caiae
751 707 796 736 aaa
811 706 860 737 sam
872 692 953 752 ati'paas
963 693 979 736 i.
991 708 1010 737 1.

129 769 153 803 ¹«
166 778 195 807 ne
211 764 269 808 inter
285 766 396 807 extremos
413 763 460 808 eius
476 763 660 822 servasquidcm
677 764 794 809 numerari
808 777 900 824 possum
919 767 1013 824 propter

128 834 323 891 'magnitudinem
346 834 471 887 divinitatis
494 835 537 893 ipsi
555 835 644 890 unitae;
672 835 791 894 postremis
810 834 923 895 siquidem
943 835 1013 879 servis

141 906 270 949 huiusmodi
280 905 427 949 commissum
443 908 475 948 est
491 905 625 963 obsequium
637 923 647 946 u
664 906 758 965 (1111111).
776 906 841 965 Apud
859 906 918 951 alios·
927 906 1013 963 legitur

85 974 88 980 ’
141 976 222 1020 soluere
234 975 354 1035 corripiam
373 975 577 1029 calceamentorum
598 977 792 1037 er'aslltlaro.1‚8.
807 979 859 1021 Luc.
872 981 933 1031 3,16.
949 980 1009 1021 loan.

142 1051 201 1103 137.
215 1051 261 1092 Act.
280 1047 366 1110 13,21”1);
384 1046 418 1091 de·
432 1062 478 1107 qua
495 1062 518 1091 re
531 1051 552 1092 S.
565 1048 704 1104 Augustinus
720 1047 758 1107 (de
774 1062 834 1092 cons.
851 1062 884 1094 ev,
897 1052 963 1103 2393
978 1040 1010 1093 M.
1073 1053 1076 1061 ⁸

140 1118 383 1179 terrenarumque
398 1119 505 1178 proponit
518 1119 553 1163 vel
566 1134 579 1162 a
594 1118 701 1178 hriptista·
713 1119 775 1163 aliud
791 1119 834 1163 alio
849 1121 952 1179 tempore
972 1122 1011 1163 aut

139 1191 258 1234 contextim
267 1192 390 1249 utrumque
401 1203 447 1233 esse
461 1190 556 1245 dictum,
573 1190 607 1233 vel
620 1190 722 1234 rumille
736 1190 763 1234 de
774 1190 853 1234 calceis
864 1190 941 1235 dicens
953 1190 1025 1254 nihil

140 1261 202 1305 aliud
211 1261 337 1306 intenderet
349 1261 394 1304 nisi
404 1262 559 1306 excellentiam
568 1261 659 1305 Domini
673 1264 694 1305 et
708 1276 772 1306 suam
783 1261 946 1316 humilitatem,
958 1271 1010 1305 ean-

88 1322 90 1325 ⁵
140 1332 192 1376 dem
205 1333 338 1377 sententiam
349 1332 491 1392 eandemque
504 1332 692 1390 significationem
702 1333 752 1376 aliis
765 1332 839 1376 verbis
854 1332 882 1376 ali
896 1333 947 1377 aliis
964 1346 1010 1377 esse

140 1418 272 1463 expressam.
604 1451 605 1454 ,
832 1392 834 1396 ¹

166 1475 323 1519 Excellentiam
337 1475 421 1519 Christi
431 1474 530 1519 declaret
543 1476 589 1534 ipse
601 1490 640 1518 ros
654 1474 780 1534 baptizabit
792 1475 816 1519 iri
828 1475 916 1534 Spiritu
930 1466 1009 1519 'saneto

70 1551 71 1554 ’
138 1553 160 1589 et
173 1546 221 1604 agai
231 1547 246 1590 1,
260 1561 279 1589 e.
293 1545 327 1589 uti
339 1559 383 1603 ego
399 1546 423 1589 in
439 1561 511 1605 aqam,
528 1560 588 1605 aqua
599 1560 637 1590 vos
654 1545 752 1590 infundo
765 1544 871 1606 et'aquae
881 1540 1008 1603 innnergO,

92 1673 94 1675 Ι
137 1618 169 1660 ita
182 1616 220 1660 ille
235 1618 343 1676 Spiritum
359 1619 464 1661 sanctum
479 1617 574 1674 largiter
586 1617 610 1660 in
623 1631 664 1660 vos
681 1617 792 1671 effundet,
808 1617 888 1662 animis
902 1617 1010 1661 infundet

138 1701 219 1747 eosque
232 1688 294 1748 quasi
303 1688 352 1747 ipso
362 1687 491 1745 immerget.
511 1690 569 1739 Quae
581 1687 715 1746 baptizandi
728 1688 860 1747 metaphora
870 1688 898 1732 ad
910 1688 1009 1747 Spiritus

138 1773 155 1802 s.
167 1759 396 1803 communicationem
408 1759 518 1802 translata
529 1758 576 1801 iam
590 1757 653 1816 apud
669 1758 792 1817 prophetas
808 1758 922 1818 reperitur
937 1758 1010 1803 velex

138 1843 216 1873 eorum
236 1830 309 1874 verbis
328 1829 455 1873 necessario
473 1829 599 1887 colligitur3
621 1831 649 1872 ls.
672 1833 724 1883 t3‚3
748 1820 883 1875 :effundam
903 1829 1009 1889 spiritum

138 1915 213 1947 meum
224 1915 291 1960 super
299 1903 451 1945 senrcntuum
461 1900 489 1944 cl.
500 1904 575 1955 32,15;
586 1902 622 1944 uz.
634 1903 714 1955 11‚1a;
728 1904 806 1956 36‚26;
816 1904 882 1954 3929
894 1916 899 1944 ε
912 1916 939 1945 11
948 1900 1009 1960 quod

138 1972 255 2015 effuderim
267 1971 373 2031 spiritum
388 1967 465 2028 areum
478 1985 546 2031 super
561 1985 654 2014 omnem
671 1971 764 2015 domum
781 1971 859 2023 lsrael;
875 1972 926 2028 loel
937 1974 1006 2026 228:
1055 2024 1056 2029 ¹

137 2042 251 2087 effundam
261 2043 366 2101 spiritum
375 2056 452 2086 meum
461 2056 529 2102 super
537 2056 627 2086 onmem
637 2056 741 2097 carneum
752 2042 816 2086 Zach.
830 2046 904 2095 thil).
917 2045 960 2086 Isto
970 2057 1009 2087 au-

137 2117 183 2157 tem
191 2113 303 2172 baptismo
312 2112 412 2169 intelligi
421 2127 468 2157 non
481 2113 554 2156 solum
568 2112 800 2157 communicationem
815 2113 910 2171 Spiritus
919 2128 936 2157 s.
949 2128 1008 2172 quac

136 2183 176 2228 fiat
185 2185 215 2227 11
226 2183 338 2244 baptismo
356 2182 491 2238 christiano,
510 2183 548 2227 sed
563 2183 636 2241 magis
654 2184 780 2241 generatim
793 2182 903 2228 declarari
918 2183 1009 2241 largam

139 2255 186 2299 eius
198 2255 222 2298 in
237 2253 399 2300 Christifideles
413 2253 544 2299 effusionem
558 2253 656 2298 efficitur
673 2269 700 2298 ex
713 2254 788 2298 verbis
801 2254 899 2301 Christi:
916 2258 1009 2299 loannes

137 2326 228 2385 quidem
238 2326 362 2386 baptizavit
371 2340 443 2384 aqua,
455 2329 577 2370 vosautem
589 2325 765 2384 baptizabimini
772 2324 858 2384 Spiritu
871 2328 949 2370 sancto
961 2340 1007 2370 non

136 2400 187 2456 post
195 2397 276 2441 multos
289 2396 336 2441 dies
357 2392 417 2454 (Aet.
433 2396 487 2455 1,5),
507 2396 589 2456 quihus
601 2396 743 2439 concordant
756 2396 825 2439 verba
837 2396 896 2439 Petri
909 2399 957 2440 Act.
971 2400 1006 2450 11,

139 2472 173 2512 15.
191 2471 226 2511 16.
243 2467 337 2511 Proinde
354 2467 462 2511 asseritur
481 2467 590 2526 Spiritum
603 2469 708 2510 sanctum
728 2466 819 2525 eiusque
836 2465 901 2524 dona
912 2466 979 2512 nohis
996 2482 1009 2511 a

125 2576 127 2580 .
138 2537 225 2591 Christo
235 2537 294 2593 dari;
307 2537 367 2581 unde
376 2536 475 2596 baptista
483 2537 544 2580 idem
554 2537 582 2581 de
592 2537 680 2581 Christo
691 2537 790 2581 affirmat
798 2537 858 2597 quod
867 2538 969 2582 Christus
981 2537 1008 2581 de

138 2624 171 2661 se,
184 2624 198 2653 a
213 2623 235 2653 sc
245 2609 290 2654 scil.
305 2609 363 2652 mitti
374 2608 514 2652 ¹Paraclitum
525 2607 599 2667 (toan.
610 2608 673 2667 16‚7)
686 2612 708 2652 et
722 2608 819 2669 proinde
834 2610 954 2667 egregium
964 2610 1008 2653 1111

137 2680 165 2726 de
185 2680 264 2725 Christi
283 2680 402 2724 divinitate
420 2678 583 2732 testimonium;
600 2697 610 2720 a
630 2680 682 2739 quis
701 2681 763 2724 enim
776 2680 884 2739 Spiritum
905 2682 1009 2724 sanctum

126 2751 192 2808 ¹dare
202 2755 274 2811 posset
283 2752 326 2795 nisi
338 2751 378 2811 qui
386 2751 453 2796 simul
465 2754 520 2794 esset
532 2754 589 2794 Deus
599 2768 609 2790 n
622 2750 706 2810 (lans.)
719 2769 729 2792 u
741 2752 810 2794 immo
821 2751 852 2794 sic
862 2751 1007 2795 sentiendum
1024 2750 1027 2776 ³

139 2822 230 2868 omnino
239 2825 306 2878 foret,
323 2822 412 2867 etiamsi
427 2823 518 2876 nomine
533 2822 621 2881 Spiritu
634 2829 712 2866 sancto
727 2823 785 2866 nihil
797 2822 833 2865 hic
843 2822 885 2866 nisi
903 2822 1007 2866 divinum

138 2899 229 2958 aliquod
243 2897 334 2959 χάρισμα
352 2899 511 2956 designaretur
529 2917 539 2940 u
559 2898 630 2959 (Patr.
649 2914 673 2958 p.
691 2904 746 2954 t67;
764 2898 850 2943 Grimm
867 2901 885 2959 ll
902 2915 925 2959 p.
946 2899 1005 2958 tlt).

138 2970 207 3014 Huius
216 2974 290 3015 autern
303 2971 399 3030 Spiritus
416 2971 472 3026 vini,
488 2970 621 3025 efficaciam,
634 2962 789 3028 operationom
801 2970 896 3015 ulterius
907 2970 1007 3029 declarat

138 3041 223 3086 addens
236 3050 258 3086 ct
270 3042 324 3101 iqui.
340 3045 400 3093 Quae
416 3042 523 3102 loquendi
535 3042 592 3103 ratio
601 3041 689 3100 pariter
704 3040 738 3084 uti
749 3040 860 3101 baptizare
869 3045 916 3086 etc.
935 3040 1006 3100 expli-

137 3116 200 3158 catur
219 3128 244 3158 ex
261 3113 357 3157 oraculis
377 3113 521 3172 propheticis.
543 3113 603 3156 Sicut
619 3111 681 3155 enim
701 3116 757 3156 Deus
777 3113 825 3172 ipsc
848 3112 932 3156 dicitur
946 3111 1006 3168 ignis
