2211 3575
454 246 531 276 unrru.
548 237 567 284 8,
584 236 654 276 arr-aa.
699 297 701 302 ι
959 238 997 278 385

115 329 198 380 turbet.
215 336 296 399 Subito·
305 337 416 397 impetum
428 338 490 383 venti
506 338 601 389 irruisse
613 341 683 382 Lucas
693 350 786 396 quoque
795 333 884 380 indicat
895 332 997 378 scribens

115 412 185 462 aaziae,
202 406 320 452 descendit
333 407 358 453 in
373 409 470 465 lacuml,
489 424 535 470 qua
551 409 651 454 dictione
669 409 728 453 hene
746 406 882 467 depingitur
898 405 997 464 impetus

113 477 257 536 proeellaein
267 479 341 524 lacum
349 481 394 525 alte
403 481 535 539 depressum
544 480 681 524 incumbens
691 479 762 538 (lacus
772 481 834 523 enim
841 477 902 522 intra
909 491 997 537 aequor

114 548 184 593 maris
197 549 359 596 mediterranei
369 551 507 611 deprimitur
518 556 559 595 tur
573 550 625 605 ml.
637 553 664 594 Et
673 564 743 609 quam
754 550 903 594 vehementer
912 549 994 592 fluctus

95 672 98 676 ⁸
114 619 274 676 excitarentur,
290 637 369 668 omnes
386 626 432 666 tres
450 621 603 678 evangelistae
618 621 764 665 tradiderunt
778 636 783 664 :
796 621 830 664 itu
845 628 871 665 at
886 617 994 664 crucicula

114 690 240 749 operiretur·
249 693 365 753 (irretitas,
377 696 402 737 ut
411 693 547 752 impleretur
558 693 632 747 navis,
646 696 670 736 et
683 691 883 751 periclitabantur.
894 692 995 735 Fuerunt

114 762 323 823 qui-tempestatem
340 764 400 808 hauc
412 778 459 807 non
472 764 524 821 lege
539 766 561 808 et
575 762 611 807 via
626 762 743 807 ordinaria
761 764 844 817 ortam,
860 762 900 806 sed
912 760 994 805 Christi

112 833 210 899 imperio
228 835 350 879 adductam
371 837 393 879 et
411 834 489 879 divina
506 834 652 879 ordinatione
670 835 803 879 suscitatam
819 833 939 878 crederent
954 833 992 891 (et.

112 903 167 948 Bccl.
182 905 262 952 Paret.
279 906 354 954 Teura.
369 906 437 952 Dion.
450 905 523 952 Salen.
538 905 611 952 Mala.
626 906 707 967 Lap.);
722 908 745 951 at
758 920 799 951 cur
814 904 926 949 miraculo
939 917 994 948 vcn-

112 978 161 1019 tum
179 990 225 1021 esse
241 977 362 1023 excitatum
379 987 527 1031 assumamus,
544 993 619 1038 neque
635 993 659 1023 re
675 983 750 1038 neque
769 977 837 1021 modo
853 975 993 1021 narrationis

112 1046 228 1104 suadetur,
243 1063 317 1108 neque
325 1049 452 1109 quidquam
463 1049 527 1094 aliud
537 1050 663 1109 requiritur
673 1064 743 1109 quam
754 1051 779 1094 ut
787 1048 933 1100 lesussciens
942 1048 992 1091 lore

112 1120 137 1160 ut
150 1123 291 1177 pernoctem
305 1121 374 1165 modo
388 1121 418 1165 ad
430 1125 526 1165 naturae
537 1134 627 1165 cursum
642 1115 882 1180 eonsuetotempestas
894 1118 993 1163 oriretur

68 1221 69 1224 ,
112 1187 238 1247 discipulos
253 1191 343 1235 iusserit
360 1193 438 1236 navim
453 1192 603 1236 conscendere
616 1194 642 1235 et
658 1206 682 1236 se
700 1206 779 1236 somno
798 1190 945 1235 commiserit.
960 1193 993 1233 lta

112 1259 180 1304 rebus
190 1261 334 1306 naturalibus
344 1264 377 1307 uti
386 1263 443 1307 solet
454 1262 483 1307 ad
497 1262 577 1307 altiora
586 1263 680 1307 consilia
691 1262 842 1322 exsequenda.

141 1334 197 1375 Dum
216 1333 286 1377 saevit
302 1335 423 1393 tempestas
440 1337 462 1378 et
479 1333 586 1393 discipuli
600 1333 732 1393 perturbati
750 1337 772 1378 et
790 1332 852 1378 anxii
868 1333 947 1391 navim
963 1333 991 1376 ab

110 1401 251 1449 irruentibus
261 1404 368 1450 fluctibus
377 1409 400 1450 et
407 1405 496 1465 impetu
507 1404 622 1465 procellae
630 1405 718 1450 servari
727 1418 793 1465 posse
802 1406 850 1450 iam
860 1404 991 1464 desperant,

111 1473 159 1532 ipse
173 1473 312 1533 dormiebat,·
325 1493 335 1517 (ι
352 1476 486 1536 exprimitur
502 1477 612 1522 securitas
625 1477 753 1536 potestatis,
768 1476 830 1535 quod
845 1475 950 1520 omnibus
964 1474 992 1519 ti-

111 1545 228 1590 mentibus
237 1547 296 1592 solus
306 1547 433 1607 intrepidus
443 1548 576 1607 quiescebat
587 1566 597 1589 n
608 1548 718 1607 (Arndr.);
730 1565 740 1588 u
750 1546 880 1591 dormiebat
888 1555 989 1606 corpore,

111 1618 136 1659 ut
145 1617 260 1675 apostolos
271 1618 381 1676 evigilare
393 1620 478 1663 faceret
490 1637 500 1661 u
511 1619 598 1679 (Dect),
611 1619 748 1673 dormiebat,
757 1622 783 1663 nt
791 1619 815 1662 S.
829 1618 906 1677 Chrys.
916 1621 988 1671 notet,

110 1690 135 1731 ut
148 1688 213 1732 daret
226 1688 344 1749 discipulis
355 1690 453 1734 timendi
468 1690 618 1745 occasionem,
633 1694 658 1735 ut
672 1690 773 1734 debilem
786 1704 866 1734 eorum
876 1681 946 1733 tidein
955 1704 991 1732 re-

110 1760 265 1817 prehenderet
280 1764 302 1804 et
315 1758 419 1816 sanaret,
429 1765 454 1806 ut
468 1761 504 1805 illi
517 1776 582 1806 suam
594 1764 786 1819 recognoscerent
798 1760 955 1804 infirmitatem
969 1764 990 1804 et

110 1830 192 1874 Christi
212 1831 369 1890 intelligerent
386 1832 446 1877 inter
463 1832 700 1890 augustias'conclusi
719 1832 860 1876 maiestatem
879 1830 989 1891 (Purra).

111 1905 183 1952 Quare
193 1917 299 1948 somnum
312 1907 362 1948 lesu
374 1904 478 1963 quamvis
492 1906 549 1948 esset
559 1917 627 1948 verus
637 1908 659 1948 et
670 1904 781 1948 naturalis
791 1907 813 1949 et
824 1902 992 1961 exfatigatione

110 1974 254 2033 proveniens,
266 1977 343 2019 tamen
353 1974 422 2020 etiam
433 1975 508 2019 dicere
523 1989 644 2035 possumus
655 1990 707 2020 cum
717 1974 791 2019 Mela.
803 1973 960 2019 voluntarium
969 1978 991 2018 et

110 2048 265 2103 procuratum,
277 2046 331 2104 quia
344 2062 370 2090 ec
381 2046 415 2090 uti
424 2046 497 2090 voluit
508 2046 539 2091 ad
549 2046 631 2091 vulnus
645 2047 761 2105 quoddam
773 2045 941 2105 discipulerum
951 2045 990 2089 de-

109 2117 235 2174 tegendum
250 2119 272 2161 et
288 2117 423 2162 sanandum.
442 2119 507 2169 Quasi
520 2108 579 2162 enim
589 2118 698 2162 Dominus
706 2118 823 2162 dormiens
832 2117 891 2161 nihil
904 2117 932 2161 de
945 2116 991 2161 suis

110 2192 206 2243 curaret,
224 2189 288 2247 quasi
303 2188 353 2248 ipse
366 2188 474 2233 Dominus
491 2189 542 2233 etii
555 2203 613 2248 quos
628 2189 729 2246 elegerat
747 2189 777 2233 ed
790 2202 848 2248 opus
866 2203 933 2233 suum
946 2203 992 2232 una

110 2274 162 2303 cum
172 2274 241 2318 opere
253 2260 365 2304 messiano
376 2263 467 2318 possent
477 2260 525 2303 ulla
534 2274 559 2303 re
573 2259 669 2304 adversa
681 2259 787 2304 interitui
798 2259 905 2304 devoveri
918 2263 941 2303 et
951 2274 989 2303 an-

109 2334 201 2389 tequam
211 2330 259 2374 fere
268 2345 323 2389 opus
334 2330 438 2375 divinum
444 2331 584 2389 incepissent
594 2334 667 2374 morte
674 2329 760 2389 abripi,
773 2330 873 2374 clamant
882 2329 987 2386 Domine,

109 2401 181 2458 sulcu,
190 2402 308 2462 perintra,
320 2403 414 2447 vocibus
425 2402 543 2455 brevibus,
555 2401 659 2461 abruptis
673 2403 801 2446 animorum
811 2401 938 2462 pandentes
951 2416 991 2445 an-

109 2474 195 2530 gustias
206 2477 228 2517 et
241 2474 333 2518 timores
346 2477 368 2518 et
379 2473 480 2518 debilem
494 2472 572 2529 fidem,
587 2473 644 2518 acsi
657 2476 751 2533 possent
763 2473 848 2533 perire,
862 2474 918 2518 dum
928 2473 991 2517 chri-

84 2580 88 2591 ,
109 2547 169 2588 stum
179 2545 241 2604 apud
251 2559 274 2589 se
281 2545 374 2590 habent.
387 2545 494 2590 Videntur
502 2545 579 2605 itaque
590 2560 646 2605 prae
654 2546 737 2590 timore
744 2544 889 2605 periculique
900 2544 991 2602 magni-

108 2615 187 2659 tudine
199 2615 264 2659 obliti
276 2630 322 2660 esse
333 2617 362 2660 ad
371 2617 427 2675 quid
438 2617 513 2661 vocati
524 2620 598 2660 esseut
610 2619 634 2661 et
644 2617 711 2661 electi
721 2632 734 2660 a
745 2616 833 2660 Christo
845 2617 885 2675 qui
896 2632 938 2676 pro
949 2631 991 2661 sua

130 2781 144 2811 1.
154 2780 205 2811 Notat
214 2777 248 2810 Fit.
260 2787 265 2810 :
281 2787 288 2808 e
301 2786 323 2809 on
336 2777 369 2809 salt
381 2785 414 2818 que
426 2779 482 2810 toules
494 2777 519 2810 les
529 2770 574 2810 mers
585 2776 692 2816 interiectas,
702 2776 793 2809 enicurecs
803 2777 824 2809 de
834 2778 939 2818 montegues,
953 2780 991 2811 sunt

108 2832 179 2873 sujetles
188 2833 197 2863 e
205 2831 234 2864 des
245 2839 297 2873 coups
310 2830 330 2863 de
342 2832 383 2864 vent
392 2830 426 2863 tres
438 2830 519 2863 soudains
529 2830 559 2871 qui
569 2839 578 2871 y
589 2829 705 2863 determinent
718 2829 748 2862 des
761 2838 847 2872 curegans
857 2830 941 2864 terriblcs.
952 2832 992 2865 Dela

69 2888 70 2891 ’
108 2887 133 2917 cst
140 2884 296 2926 particulicrement
306 2884 343 2917 vrri
355 2883 412 2917 dulae
423 2882 444 2916 de
454 2882 548 2923 Tiberiade,
557 2892 622 2916 comme
635 2893 678 2917 nous
686 2882 806 2926 l'apprennent
819 2884 843 2917 les
853 2893 949 2928 voyageurs
960 2895 991 2918 uu·

108 2938 153 2970 olens
166 2939 183 2970 ct
193 2938 290 2979 inclames,
301 2938 323 2972 cf,
338 2937 431 2979 Robinson,
441 2936 538 2971 Palaestina
551 2938 581 2975 ΙΙΙ,
594 2937 837 2977 5713K.Ritter,1trdlmnde
852 2938 888 2978 XV,
901 2941 930 2972 308
943 2949 959 2973 n.
970 2940 992 2971 Et

108 2993 166 3030 socen,
180 2990 275 3024 Palaestina
285 2992 321 3025 und
338 2991 414 3035 Syrien:
430 3002 438 3024 u
450 2990 505 3025 durch
523 2990 552 3023 das
566 2990 608 3023 Thal
623 2990 697 3024 breusen
713 2990 802 3025 histveilen
828 2991 987 3033 hestigeStiirmeu
1053 3025 1056 3026 ⁷

108 3045 130 3087 (p.
142 3048 181 3084 385;
190 3044 257 3086 Leipzig
268 3046 319 3088 1575).
326 3047 376 3084 Quod
386 3047 442 3080 tamen
453 3045 520 3078 nonita
529 3043 603 3085 intelligi
612 3048 679 3087 oportet
689 3044 738 3087 quusi
746 3045 764 3079 in
774 3045 830 3078 solum
841 3045 897 3078 laeum
907 3054 956 3087 serpe
965 3044 991 3077 vis

108 3098 213 3142 lcnrpestulis
222 3097 337 3139 incumberet3
348 3110 388 3133 nam
398 3100 483 3134 Robinson
495 3099 547 3133 etiam
555 3099 620 3131 fatetur
631 3108 687 3142 noque
701 3099 798 3144 testimonio
807 3101 882 3132 veterum
894 3108 949 3141 neque
962 3107 990 3130 ec-

108 3152 184 3185 colurum
194 3151 224 3195 qui
236 3151 286 3185 hodie
298 3151 322 3184 ibi
334 3152 398 3194 degunt
410 3157 490 3188 constare
501 3154 557 3187 lacum
569 3152 678 3196 frequentius
688 3155 789 3196 tempestate
797 3153 865 3186 turbari
874 3161 925 3195 quarn
935 3151 989 3192 regio-

109 3214 147 3239 nem
158 3205 239 3246 vicinam3
248 3205 266 3238 id
273 3205 319 3247 quod
328 3206 392 3247 Schogg
400 3217 469 3250 quoque
479 3208 568 3241 confirmet
578 3206 752 3250 (Pilgerbirch'2,1tt.
762 3207 847 3257 Scirona).
