2239 3511
142 217 183 256 472
224 266 225 270 Ἰ
493 223 569 252 ararim
586 214 616 257 ll,
635 214 678 251 l-n.
711 227 713 229 ·

141 316 175 364 'ad
189 313 310 371 discipulos
324 325 373 356 snos
386 311 448 355 *dixit
461 325 466 356 :
481 311 562 355 messis
575 310 669 370 quidem
684 311 784 357 multa...
798 311 862 371 (aab.
876 313 926 358 Ata
940 312 1026 373 Iane.);
1040 315 1042 317 ’

110 406 115 414 ·
143 385 251 445 proinde,
260 383 295 446 uti
309 382 447 428 recentiores
459 382 567 442 plerique
577 382 646 427 etiam
653 386 760 428 statuunt
768 397 795 427 ex
804 387 864 439 9,35,
877 385 940 441 regio
950 386 1028 445 aliqua

142 456 167 500 in
178 456 278 512 Galilaea
287 452 430 513 designatur.
444 458 499 499 Dum
509 454 607 514 apostoli
616 453 750 513 mittuntur,
764 455 863 500 Christus
872 447 964 516 >quoque
975 471 1027 502 mu-

142 533 198 572 nere
220 526 318 571 docendi
336 530 357 571 et
374 525 525 586 praedicandi
549 526 662 585 fungitur,
679 528 703 569 ut
724 525 814 571 doceret
832 535 853 571 et
867 527 1028 587 praedicaret,·

143 599 268 645 discrimen
277 598 340 656 inter
348 602 443 644 διδάσκειν
455 600 476 641 et
488 604 592 656 κηρύσσειν
602 598 625 642 in
638 613 665 642 eo
674 587 774 658 positum
782 598 881 654 videtur,
892 599 986 644 utillud
999 590 1028 658 siss

143 668 242 729 gniticet'
248 669 376 728 generatim
386 658 467 715 decere
474 671 520 714 sive
528 659 646 729 privatim,
656 670 700 715 sive
707 669 801 730 publice
809 673 829 715 et
838 670 921 716 docere
928 687 952 716 re
962 686 1027 716 accu-

143 734 215 804 ratius
226 742 345 802 explicata,
356 741 455 801 probata
464 740 574 805 exemplis
583 742 756 801 rationibusque
767 741 882 786 illustrata
893 743 961 802 (unde
970 757 993 786 v.
1002 758 1025 800 g.

100 855 106 860 ,
121 825 122 828 ’
143 818 167 862 τὰ
179 819 266 874 περὶτοῦ
281 821 349 873 κυρίου
358 803 405 858 let.
419 817 499 868 28,31;
514 815 601 872 ἀνριέῶς
613 815 638 859 τὰ
652 819 697 873 περὶ
711 825 743 859 τοῦ
757 815 821 870 Ἰησοῦ
834 809 883 858 Act.
897 818 973 868 18,25;
990 813 1027 858 cui

143 887 267 946 respondet
283 889 393 942 μανθάνειν,
411 876 469 928 sicut
484 887 601 937 διδάσκαλος
615 886 637 928 et
652 879 761 944 patrate),
773 884 826 929 dum
840 886 885 929 hoe
899 886 973 944 potius
985 900 1027 929 no-

143 962 175 1002 tet
190 956 325 1001 annuntiari
337 955 426 1014 aliquid
443 954 533 1013 publice
551 957 572 999 et
584 954 724 1016 proclamari
740 970 785 1015 per
799 956 895 999 modum
907 954 1027 1018 praecbnis

143 1044 196 1074 cum
206 1028 341 1074 auctoritate
352 1031 373 1071 et
382 1026 547 1081 sollemnitate,
557 1023 613 1086 (puae
621 1026 701 1071 deceat
707 1026 809 1083 legatum
818 1028 916 1084 regium.
925 1031 954 1072 llo
962 1028 1026 1071 enim

143 1101 213 1145 modo
228 1116 269 1144 ror
281 1114 330 1148 non
342 1100 416 1143 solum
432 1090 492 1156 aPud
504 1097 625 1157 scriptores
635 1097 749 1156 {profanos
762 1096 895 1155 adhibetur,
906 1099 942 1143 sed
956 1099 1026 1143 etiarn
1063 1088 1064 1096 ἶ

74 1183 75 1186 ’
143 1172 207 1232 apud
220 1175 282 1226 lxm
303 1171 331 1214 cf.
349 1175 402 1215 Gen.
421 1173 495 1223 alna.
512 1174 526 1212 2
544 1173 683 1223 paneam.
700 1170 759 1213 llsth.
779 1174 823 1225 t,9.
842 1170 983 1226 1131dtcttur
998 1171 1027 1214 dc

143 1245 218 1289 edicto
231 1243 326 1303 publico
339 1245 360 1286 et
372 1240 478 1285 sollemni
492 1243 532 1285 Ex.
543 1244 606 1299 32,5;
620 1244 683 1295 36‚6.
694 1244 772 1299 tReg.
786 1245 859 1296 mac.
873 1246 887 1285 2
901 1244 947 1286 Par.
958 1246 1024 1297 20‚3;

121 1346 123 1349 v
144 1315 207 1375 apud
222 1314 348 1374 prophetas
361 1314 389 1357 de
407 1312 578 1356 annuntiat-ione
594 1311 639 1356 diei
652 1311 739 1355 Domini
753 1312 769 1355 i.
785 1327 804 1355 e.
818 1312 898 1356 iudicii
911 1316 951 1358 etc.
966 1313 1025 1359 Desi-

143 1389 229 1444 gnatur
236 1386 315 1444 itaque
325 1383 399 1428 rarius
410 1383 490 1427 modus
500 1385 625 1436 etconatus
637 1380 687 1441 quo
694 1384 907 1428 Christusnuntium
916 1377 943 1438 de
951 1388 1025 1441 regno

142 1458 182 1502 Dei
193 1456 366 1513 doctrinamque
374 1469 442 1501 suam
450 1453 603 1498 annuntiabat
611 1457 633 1497 et
641 1454 770 1513 exponebat
776 1454 801 1498 tn
810 1453 938 1499 civitatibus
947 1471 1025 1500 eorum

93 1532 95 1535 ’
142 1531 156 1572 i.
170 1544 190 1573 e.
204 1528 342 1572 Iudaeorum
353 1526 387 1570 vel
397 1525 473 1584 potius
484 1524 637 1569 Galilaeorum
653 1525 689 1582 (cl.
700 1524 754 1569 Bed.
767 1526 821 1569 aab.
835 1525 917 1570 Pascb'.
930 1527 1022 1586 arata).

79 1607 80 1611 ’
143 1600 204 1644 Illud
217 1603 278 1644 αὐτῶν
294 1612 371 1642 currem
383 1596 457 1656 aliqui
468 1597 572 1640 referunt
583 1596 611 1640 ad
624 1595 743 1654 apostolos,
758 1596 824 1654 quasi
836 1596 938 1640 civitates
944 1595 1025 1657 inqui-

122 1706 124 1709 v
142 1673 186 1716 bus
200 1669 295 1730 apostoli
306 1669 354 1713 nati
364 1672 442 1713 essent
447 1657 485 1712 vel
496 1670 564 1712 antea
577 1666 716 1712 habitassent
725 1667 763 1712 vel
772 1666 797 1710 in
809 1668 894 1732 quibus
904 1668 945 1728 ipsi
955 1684 1024 1728 prae-

143 1744 258 1789 dicassent
271 1741 308 1799 (cf.
325 1740 391 1784 ΕνιιΙν.
409 1739 460 1783 Alb.
477 1754 502 1783 ex
515 1738 683 1783 recentioribus
697 1737 828 1798 Fritzscte).
840 1740 906 1783 Ratio
922 1744 953 1785 est
969 1741 1025 1799 quia

127 1844 128 1847 =
142 1820 270 1875 pronomen
282 1813 309 1856 in
320 1826 346 1855 ea
359 1810 471 1855 sententia
484 1809 513 1854 ad
526 1809 586 1853 nibil
600 1808 664 1854 aliud
676 1813 779 1870 spectare
790 1810 860 1869 possit
871 1810 916 1854 nisi
929 1811 956 1855 ad
968 1826 1024 1870 apo-

143 1885 224 1940 stolos;
240 1897 321 1928 verum
334 1883 380 1926 iam
395 1883 457 1926 [aas.
473 1885 551 1925 monet
566 1894 630 1939 saepe
644 1880 676 1924 ita
690 1881 751 1940 poni,
768 1884 793 1924 ut
805 1882 978 1927 non'referatur
995 1884 1024 1927 ad

142 1948 272 2018 proximum
282 1954 315 1998 ad
327 1952 505 2012 quadrideatur
518 1951 600 1995 referri
614 1950 706 2007 debere,
716 1952 756 1995 sed
771 1951 800 1994 ad
813 1951 900 2010 aliquid
912 1967 958 1997 non
970 1955 1024 1998 satis

75 2055 76 2059 =
142 2041 280 2089 expressum,
299 2024 340 2069 sed
356 2023 418 2084 quod
437 2023 502 2067 facile
518 2020 672 2080 intelligatur.
687 2025 713 2066 Et
728 2036 783 2066 sane
800 2037 877 2068 sensus
894 2023 972 2070 obvius
991 2028 1024 2069 est

141 2098 242 2156 intelligi
254 2096 356 2141 civitates
366 2093 540 2139 Galilaeorum·

172 2173 217 2214 Cur
230 2173 327 2213 Ioannes
337 2167 359 2209 in
375 2173 488 2209 carcerem
503 2165 532 2208 sit
547 2164 663 2208 coniectus
674 2165 702 2209 ab
713 2164 801 2209 Herode
814 2166 905 2225 Antipa,
917 2170 1024 2212 narratur

138 2228 203 2299 ¹1t,3.
217 2245 239 2296 t,
250 2255 270 2283 v.
283 2244 297 2283 2
308 2239 403 2282 Ioannes
417 2243 493 2280 autem
504 2250 556 2280 cum
567 2235 671 2280 credisset
681 2235 705 2279 tn
716 2235 822 2291 cineratis,
834 2251 916 2294 graece
927 2251 931 2282 ε
941 2239 965 2283 in
975 2254 1024 2283 car-

142 2328 204 2367 cere;
223 2315 244 2356 ct
258 2309 384 2355 secundum
401 2300 522 2367 Iosephum
538 2307 597 2370 (Ant.
616 2311 677 2362 18‚5.
694 2307 715 2366 2)
732 2307 878 2352 detinebatur
892 2308 916 2352 in
929 2311 1023 2355 castello

141 2385 299 2431 llachaerunte
308 2381 325 2435 ¹,
339 2374 398 2440 quod
409 2379 478 2423 hodie
491 2379 587 2443 llkhaur
597 2377 732 2438 appellatur.
742 2382 797 2423 Erat
809 2374 851 2423 hcc
860 2381 983 2426 'castellum
998 2383 1022 2425 in

141 2459 208 2517 parte
220 2454 319 2498 maxime
329 2450 476 2496 meridionali
487 2454 591 2504 Peraeae,
603 2449 666 2493 haud
675 2450 706 2493 ita
716 2449 815 2493 multum
825 2450 912 2494 distans
924 2452 952 2496 ab
963 2454 1023 2497 urbe
1053 2441 1056 2449 i

141 2525 281 2577 Kiriathaim,
293 2522 362 2566 hodie
376 2520 489 2577 liureiyat,
503 2523 526 2564 et
540 2533 591 2564 cum
604 2520 714 2564 ditionem
724 2520 820 2573 Herodis
832 2516 928 2582 Antipae
942 2527 1023 2569 contra

141 2597 226 2642 Arabes
239 2592 468 2648 defendredeberet,
479 2591 598 2637 castellum
611 2594 662 2636 erat
675 2591 851 2637 munitissimum
862 2594 968 2654 omnique
981 2612 1024 2655 ap-

140 2671 224 2729 paratu
240 2665 484 2718 bellicoinstructum,
496 2666 581 2708 natura
593 2666 615 2708 et
628 2666 677 2708 arte
690 2664 836 2709 fortissimum
850 2664 888 2724 (cf.
907 2662 1033 2726 [caeptum¹

161 2810 175 2838 r.
188 2805 213 2837 Εο
227 2806 303 2846 tempore
316 2811 350 2844 quo
365 2802 442 2835 Herodes
456 2801 523 2844 antipas
538 2801 610 2843 priorem
623 2809 701 2839 uxorem,
712 2801 764 2848 filiam
775 2801 818 2841 regis
828 2801 893 2841 aretae,
906 2802 994 2843 repudiare
1007 2807 1024 2836 et

75 2848 77 2851 ¹
141 2858 253 2892 Herodiadem
264 2857 328 2904 dacem
337 2855 461 2897 meditabatur,
472 2855 562 2888 castellum
576 2854 612 2896 hoc,
622 2854 636 2888 sl
648 2856 705 2888 textus
716 2853 786 2896 Iosephi
798 2853 841 2894 (Ant.
853 2856 898 2894 18‚5.
911 2854 926 2893 tt
934 2859 958 2889 est
966 2856 1022 2890 incer·
1038 2863 1040 2866 ’

141 2913 205 2954 ruptus
213 2911 235 2944 ad
245 2911 330 2945 ditionem
342 2911 400 2944 lictae
410 2908 455 2952 regis
464 2908 567 2951 pertinebat.
578 2908 667 2948 Quomodo
681 2909 701 2942 ab
711 2906 779 2941 Herode
793 2906 816 2939 su
826 2910 944 2952 recuperatum
956 2908 1023 2951 ignora·

141 2968 175 2998 tur.
189 2963 249 2997 Censet
258 2956 339 2998 wieselcr
346 2963 434 3007 (Chroncl.
444 2963 518 3006 synopse
529 2972 545 3004 p.
556 2963 592 3005 att)
600 2964 670 2996 aretam
678 2971 687 2994 a
694 2960 760 2994 riberto
766 2960 833 2994 iussum
843 2971 879 2996 esse
888 2963 1023 2996 castellaniae,

141 3019 187 3052 dere.
197 3016 231 3049 Alii
241 3018 311 3050 censent
319 3018 350 3050 hoc
361 3017 456 3056 castellnm,
469 3017 489 3050 ab
499 3015 596 3050 Alexandro
606 3018 681 3049 tannaco
691 3013 776 3047 munitum
784 3017 801 3047 ct
812 3016 832 3049 ab
842 3016 911 3050 Herode
921 3026 963 3059 rege,
974 3017 1022 3058 quod

91 3080 92 3083 ’
140 3071 218 3107 Herodes
228 3070 298 3112 antipas
309 3071 383 3110 possedit
396 3073 414 3104 et
426 3071 443 3103 in
454 3070 497 3104 bello
508 3070 577 3103 ludaico
587 3069 648 3102 ultimo
664 3068 721 3101 Iudaei
735 3069 846 3111 occupabant,
858 3079 945 3112 nunquam
959 3070 1022 3103 ultioni

140 3127 203 3160 aretae
211 3124 254 3168 regis
265 3123 421 3163 esseattributum3
433 3123 527 3163 alliciam,
537 3123 558 3156 de
568 3132 601 3164 qua
608 3131 627 3155 re
636 3121 677 3154 vide
685 3122 768 3164 statuar,
779 3124 879 3159 Gesebichte
889 3123 920 3156 des
931 3124 1022 3166 judischen

94 3197 95 3200 =
140 3180 205 3214 Volkcs
216 3181 248 3219 In
258 3181 298 3222 4355
310 3174 344 3211 Ed.
355 3178 387 3219 lp.
398 3179 434 3209 658.
