2239 3511
97 163 135 205 264
436 168 512 207 ῖῖῖετῖῖ,
529 158 548 204 5,
565 156 632 196 le-ae.

95 257 155 298 bitur
165 257 222 311 (nas.
234 258 289 299 toea,
302 256 375 309 t'ost.);
389 259 460 296 utrum
473 267 561 307 ragnum
571 255 679 296 coelorum
693 254 720 294 sit
733 254 827 295 Ecclesia
837 255 930 296 militans
939 255 972 298 vel

66 364 68 368 ,
96 311 240 374 triumphans,
253 321 316 362 etiam
332 321 459 373 disceptant;
470 320 518 361 inde
530 331 614 373 quoque
627 319 684 360 varia
697 321 776 359 minima·
791 320 884 370 acceptio
896 320 970 362 oritur.
985 353 987 356 >

97 388 123 426 At
132 387 235 428 minimus
247 387 269 427 in
281 399 344 440 regno
355 399 397 428 non
407 388 477 439 potest
487 386 504 426 is
515 385 556 426 diei
568 385 603 440 qui
614 397 625 426 e
635 396 700 438 regno
714 386 746 424 est
761 384 866 432 exclusus3
879 396 936 433 narn,
948 387 972 426 ut

96 451 165 492 Esttas
175 455 244 501 notat,
257 468 267 489 a
281 453 311 493 sic
324 453 420 493 diabolus
432 454 488 493 esset
501 451 565 491 etiam
578 451 679 492 minimus
690 451 712 490 in
726 462 791 503 regno
805 450 922 498 coelorum,
933 461 972 490 nec

96 517 126 557 ita
137 518 191 558 solet
206 519 264 570 loqui
279 518 400 570 Scriptura
411 518 463 558 dicit
479 517 536 558 enim
553 516 637 558 Gedeen
650 515 748 568 :lainilial
755 528 803 556 mea
819 516 891 555 infima
904 516 936 555 est
949 515 972 556 in

92 583 191 624 Menasse
202 585 223 623 et
233 595 271 636 ego
281 583 381 624 minimus
392 583 414 623 in
425 584 488 624 domo
499 582 565 635 patris
576 582 625 630 mei,
637 584 658 621 et
668 581 717 622 Saul
729 593 733 621 :
745 594 783 634 ego
792 593 839 621 sum
848 582 874 621 de
883 581 972 621 minima

96 648 156 689 tribu
166 649 231 689 Israel
242 652 263 689 et
273 650 370 701 cognatio
380 661 428 690 mea
437 649 553 690 novissima
561 649 615 688 inter
623 660 696 688 omnes
703 647 795 698 familias
803 647 914 691 Beniamin
924 662 942 696 a,
951 648 973 687 et

96 713 150 755 adde
159 715 223 755 verba
231 715 308 756 Christi
319 727 323 754 :
334 716 371 767 qui
381 715 493 755 minor-est
501 715 523 754 in
533 726 597 767 regno
607 714 721 759 coelorum,
731 713 798 753 rnaior
807 715 838 752 est
847 712 883 752 illo
891 711 970 764 (llatth.

97 779 175 833 itit).
187 781 294 832 Explicare
305 784 377 821 autem
386 793 391 821 :
400 781 421 820 in
430 793 494 833 regno
504 780 612 820 coelorum
623 780 648 819 de
658 791 682 819 eo
691 781 800 831 tamquam
809 778 884 818 ultimo
895 770 941 817 loco
952 779 973 817 et

97 844 119 893 in
130 845 264 886 damnatione
275 846 344 898 posite
358 857 478 886 sermenem
491 845 622 892 miscebunt,
634 857 645 884 a
655 846 767 905 vertr'orum
777 844 905 897 proprietate
915 855 972 883 rece-

98 909 129 949 dit
141 913 162 949 et
170 910 227 949 valet
237 911 294 950 idem
306 911 362 962 qued
372 911 441 951 Estins
454 911 480 950 de
493 910 577 950 diabole
588 910 676 950 notavit.
689 910 757 950 Etiam
770 910 834 950 verba
845 910 933 949 docuerit
944 911 973 948 se

98 974 158 1015 aliter
171 975 226 1026 apud
239 976 322 1032 aliquos
336 977 473 1028 explanantur
488 987 492 1016 ε
505 976 541 1027 qui
558 987 605 1015 cum
619 976 664 1027 ipse
677 975 745 1015 solvat
758 975 827 1028 legem
837 975 933 1014 homines
943 976 972 1014 ta-

98 1050 148 1079 men
161 1040 202 1081 rite
213 1039 281 1089 uocet,
292 1041 317 1080 ab
331 1041 453 1082 hominibus
468 1040 520 1092 legis
531 1039 699 1082 observationem
713 1039 787 1091 exigit3
800 1039 833 1079 vel
844 1038 933 1080 docuerit
945 1041 973 1078 ste

98 1103 112 1142 i.
124 1115 142 1143 e.
155 1104 209 1144 sieut
218 1116 256 1156 ego
266 1105 331 1146 doceo
342 1104 376 1157 (cl.
388 1105 409 1145 S.
421 1105 476 1145 Hier.
486 1102 562 1153 esem,
575 1103 693 1156 Gotertctpel.
706 1104 746 1144 Sed
756 1104 832 1144 merito
842 1104 904 1156 longe
912 1103 978 1155 pleri-¹

99 1180 141 1220 qne
151 1173 179 1209 aa
189 1169 284 1211 referunt
293 1170 319 1210 ad
328 1170 385 1223 prius
394 1171 512 1211 nrernlrrmn
522 1181 527 1210 ε
538 1169 715 1222 quemadmodum
724 1170 769 1222 ipsc
779 1169 842 1210 solvit
850 1171 871 1209 et
880 1170 971 1221 abrogat,

98 1232 129 1272 ita
137 1233 200 1273 docet
208 1233 273 1273 etiarn
283 1234 405 1275 mandatnm
416 1246 462 1276 esse
471 1235 596 1287 ablegatum
605 1236 626 1275 et
636 1235 695 1275 onrni
706 1234 727 1274 vi
737 1237 800 1286 atque
808 1233 900 1274 utilitate
911 1233 974 1272 desti-

100 1299 179 1338 tutum.

127 1363 217 1402 Demnrn
232 1363 340 1402 nonnullis
355 1363 434 1403 criticis
449 1363 602 1403 recentioribus
616 1363 721 1403 sententia
734 1363 757 1417 in
769 1375 787 1417 r.
800 1363 825 1402 18
836 1365 856 1402 et
869 1364 894 1402 tt)
906 1363 973 1402 enun-

100 1427 152 1466 tiata
162 1427 226 1466 nimis
237 1428 289 1471 dura
302 1428 413 1467 videbatur
426 1431 468 1468 eta
480 1428 544 1467 modo
559 1428 634 1479 agendi
649 1429 696 1468 Iesu
709 1428 771 1479 plane
782 1427 859 1476 aliena,
872 1427 909 1479 qui
920 1440 940 1467 r.
952 1441 972 1479 g.

101 1492 148 1540 tlt
159 1494 179 1532 et
190 1492 237 1539 l9,8
251 1495 271 1532 et
283 1494 345 1541 2240
357 1493 410 1532 nihil
420 1493 495 1544 prodat
509 1493 534 1533 de
546 1494 581 1533 tali
596 1494 706 1533 severitate
717 1493 739 1531 in
748 1493 794 1545 lege
804 1492 926 1542 retinenda,
937 1504 973 1532 ve-

100 1569 148 1598 rum
157 1569 180 1597 ea
191 1558 287 1597 enuntiet
297 1558 373 1609 quilius
384 1559 435 1610 legis
445 1558 541 1598 instituta
551 1559 612 1610 plane
622 1559 762 1611 negligantur.
775 1558 833 1599 Unde
844 1570 879 1598 eas
889 1561 973 1598 senten-

99 1622 140 1662 tias
151 1623 315 1674 interpolatione
325 1626 382 1664 ortes
395 1624 469 1664 volunt
479 1624 504 1664 ab
515 1624 541 1664 ils
555 1625 591 1676 qui
602 1627 675 1664 contra
685 1624 803 1665 libertatem
815 1625 883 1677 alege
895 1627 916 1663 et
926 1636 973 1664 oon·
988 1673 989 1676 Ἴ

61 1721 62 1729 ,
97 1691 132 1727 tra
145 1688 234 1728 Paulum
250 1689 370 1740 apostolum
384 1689 460 1729 acriter
474 1689 623 1742 disceptarint;
635 1690 700 1730 imme
715 1693 821 1731 latratorem
835 1690 896 1730 illum
905 1690 974 1729 vocari

97 1747 190 1793 ¹Paulum
201 1754 237 1804 qui
246 1754 317 1806 legem
329 1755 386 1806 apud
400 1766 448 1796 sues
463 1755 578 1807 discipulos
592 1755 708 1796 aboleverit
722 1756 757 1807 (ef.
770 1758 790 1795 H
794 1756 894 1808 'tpenfetet
905 1755 974 1794 Histo-

96 1814 273 1856 risch-liritisehe
285 1817 409 1868 Einleitung
418 1830 439 1868 p.
451 1819 500 1865 acm
512 1817 619 1871 Hellana).
632 1820 658 1858 At
669 1819 795 1870 disceptatio
803 1819 840 1858 illa
850 1829 914 1870 quam
925 1817 978 1857 inter

97 1880 206 1930 apostolos
217 1884 237 1919 et
245 1881 336 1922 Paulum
346 1884 450 1931 statuunt,
463 1885 495 1923 est
505 1883 637 1934 figmentum,
650 1883 706 1935 quod
717 1884 843 1936 figmentum
854 1882 941 1935 epistola
952 1883 977 1922 ad

97 1944 179 1985 Galatas
190 1945 315 1986 destruitur.
325 1948 390 1987 Porro
400 1948 417 1986 si
426 1948 495 2000 legem
504 1947 617 2002 adtraptere
624 1949 664 1989 rite
672 1949 791 2001 concipitur
799 1951 820 1988 et
827 1960 851 1988 eo
860 1948 924 1987 modo
934 1959 976 2000 quo
1023 1961 1024 1964 ¹
1074 1972 1076 1975 v

95 2008 129 2048 len
140 2009 161 2050 iu
173 2010 236 2050 sacris
247 2011 307 2051 libris
317 2012 367 2052 novi
378 2013 470 2053 foederis
481 2014 544 2054 nobis
555 2015 680 2066 proponitur
688 2016 798 2066 tamqnam
809 2015 892 2062 umbra,
904 2015 974 2064 typus,

96 2074 163 2124 ligura
173 2076 301 2124 futurorum,
313 2078 425 2128 explicatio
435 2080 465 2125 fit,
477 2080 580 2119 sententia
587 2080 610 2119 in
617 2092 637 2120 v.
648 2081 673 2120 ¹18
684 2082 705 2119 et
713 2080 736 2120 lt]
747 2092 790 2119 non
800 2082 831 2118 est
838 2079 880 2118 nisi
889 2089 975 2118 consec-

95 2139 175 2179 tarium
185 2142 320 2181 necessariam
331 2144 357 2182 ad
368 2156 387 2182 v.
401 2144 432 2182 ll.
444 2145 535 2184 Proinde
548 2145 614 2184 eritici
626 2145 727 2185 monendi
739 2148 788 2185 sunt
798 2146 823 2183 ut
836 2143 899 2198 tepeat
909 2142 975 2183 edim-

92 2202 151 2256 plerc
161 2217 185 2246 ea
194 2206 275 2247 ratione
284 2208 384 2248 studeant
391 2209 517 2261 intelligere,
525 2222 567 2261 qna
576 2212 631 2263 apud
639 2212 710 2262 ipsum
720 2211 740 2250 S.
751 2211 840 2251 Paulum
849 2209 975 2261 proponitur

32 2275 33 2278 ’
94 2269 218 2321 adimpletio
226 2271 248 2311 in
256 2274 417 2324 argumentandi
426 2275 508 2315 ratione
518 2277 578 2316 Rom.
586 2272 632 2323 3,3l
645 2287 689 2327 seq.
700 2277 758 2325 4233
771 2277 824 2323 lat.
836 2277 846 2314 l
857 2276 903 2315 (lor.
912 2275 946 2323 aa
955 2278 975 2313 et

95 2333 149 2381 loe.
162 2336 204 2383 Col.
216 2338 271 2384 0Ml.
283 2339 346 2378 Hehr.
359 2341 417 2388 {ll-9
428 2343 480 2389 etc.;
493 2353 557 2392 quam
567 2341 674 2381 rationem
683 2342 700 2381 si
711 2340 909 2393 quisperpenderit,
919 2340 975 2379 dicet

94 2400 158 2442 etiam
173 2402 192 2442 S.
205 2403 296 2442 Paulum
310 2405 464 2456 subscripsisse
475 2407 592 2446 sententiae
606 2407 656 2446 inv.
674 2409 698 2446 t8
710 2409 730 2445 et
740 2408 765 2446 t9
779 2406 872 2458 prolatae
887 2408 907 2444 et
919 2405 973 2444 clare
990 2422 992 2425 f

94 2464 192 2506 docuisse
202 2479 246 2517 qne
255 2479 321 2506 sensu
330 2469 364 2508 lex
374 2470 464 2510 retineat
474 2471 518 2510 vim
528 2483 589 2510 suam
600 2474 620 2510 et
631 2471 813 2524 significationem.
826 2472 916 2511 llemnm
927 2481 973 2509 em·

93 2529 143 2570 nino
153 2530 290 2572 arbitrarium
298 2535 329 2572 est
338 2534 364 2573 ad
372 2534 557 2586 interpolationem
567 2537 711 2589 confugeretis
720 2537 742 2576 in
750 2537 801 2577 locis
807 2537 843 2589 qui
851 2548 876 2577 ex
884 2535 972 2577 testibus

93 2596 193 2637 omnibns
203 2597 358 2649 antiquissimis
367 2600 515 2642 testimonium
523 2602 680 2643 hahentcritice
691 2603 840 2655 irrefragabile.
851 2603 971 2642 Pariterre-

91 2660 200 2711 pudienda
205 2658 238 2702 'est
244 2663 353 2705 distinctio
360 2666 415 2706 inter
421 2668 570 2708 mentemlesu
577 2670 597 2709 et
603 2671 698 2709 mentem
706 2669 845 2720 evangelistae
854 2666 970 2720 (Hostem),

123 2795 276 2842 Postulaverat
290 2797 401 2853 Christus,
420 2802 444 2843 ut
461 2803 540 2845 cuncta
554 2802 663 2849 mandata
679 2805 723 2848 rite
738 2810 864 2862 servarent3
884 2793 969 2854 dixerat

94 2866 135 2923 qni
151 2866 243 2910 denmm
254 2871 375 2913 vocaretur
386 2885 484 2927 magnus
494 2871 518 2915 in
529 2887 600 2932 reguo
611 2876 733 2928 messiano·⁷
745 2877 806 2935 qnod
814 2881 837 2921 nt
848 2879 908 2925 clare
916 2895 969 2941 per-

92 2937 196 2995 spiciant,
210 2953 236 2980 ex
246 2940 349 2998 exemplo
359 2942 533 3000 pharisaeorum
545 2948 566 2988 et
574 2940 701 2991 scribarum
711 2962 766 3005 apios
776 2954 860 2995 nerunt
870 2952 968 2996 ostendit

91 3008 147 3067 quid
157 3023 204 3052 non
212 3009 310 3053 sufficiat
318 3011 347 3054 ad
355 3013 420 3071 regni
427 3016 532 3059 messiani
539 3017 700 3074 possessionem
709 3033 729 3062 v.
741 3024 768 3064 20
780 3021 829 3066 dico
839 3026 899 3067 eatan
909 3022 969 3067 eoae

38 3123 40 3126 .
91 3079 146 3132 oraio
162 3079 207 3125 alsi
225 3079 374 3126 claretclaret-tt
388 3084 473 3131 torreta
485 3095 558 3131 oestro
573 3088 624 3146 plna
640 3104 710 3148 otram
719 3092 845 3150 relatarum
857 3098 899 3141 etc.
911 3093 967 3140 illud
