2239 3511
155 205 180 245 aa
503 200 577 242 arama.
595 203 613 250 1,
630 202 662 242 18.

137 285 191 349 *cop
202 307 273 340 addunt
283 306 360 339 Mariam
370 305 474 346 (coniugem
485 304 551 345 snam).
562 303 584 335 In
593 312 611 339 v.
622 303 644 336 25
653 312 684 337 om
691 302 915 348 primogearramrtwn
923 299 1035 338 currunt
1061 350 1063 352 q
1111 321 1112 324 =

157 366 173 399 1.
185 366 213 398 33.
226 374 237 397 a
247 361 291 408 (vid)
306 364 337 396 bc
348 360 367 405 g*
378 364 392 396 h
403 364 437 397 sah
448 371 482 405 cop
493 363 521 396 sin
532 371 554 396 eu
565 362 612 395 Arnb
622 359 729 411 alabanent
737 372 766 395 τον
775 371 879 406 anatomici
891 361 930 394 OD
942 361 955 405 Ε
966 361 983 393 Κ
993 360 1007 394 L
1018 360 1035 393 11

158 423 169 456 S
181 422 197 456 U
208 422 224 455 V
234 421 247 455 Γ
256 420 292 455 tn
302 423 320 456 al
330 423 370 465 pler
380 421 386 455 1
396 422 410 455 11
414 419 419 442 ¹
430 421 452 466 g²
464 418 594 467 (unigenitum)
603 431 614 463 q
624 430 655 464 syr
665 419 707 466 (utr)
717 430 756 454 arm
766 422 809 455 aeth
820 423 837 454 al
847 422 884 464 Ath
895 421 964 454 Ps-Ath
974 420 1034 463 Epiph

156 483 197 523 nug
208 482 262 523 lIier;
274 483 304 530 siu
314 482 370 515 habet
379 491 396 516 v.
409 482 430 516 25
441 488 445 517 2
457 485 475 515 et
484 482 557 525 peperit
567 481 585 514 ei
594 480 653 514 filiurn
664 482 682 514 et
692 481 765 514 vocavit
775 488 844 513 nornen
854 481 894 514 eius
904 480 973 514 Iesum.

185 588 260 632 Primo
270 588 368 648 explicat
375 588 521 647 evangelista,
533 602 573 631 cur
581 590 659 632 contra
668 586 780 645 reliquam
792 585 945 642 generationis
954 585 1035 629 seriem

155 658 278 704 dicendum
289 659 360 704 fuerit
370 658 397 703 cte
405 675 451 719 qam
459 667 526 703 rectas
533 667 581 715 est,·
589 658 690 702 declarat
701 657 867 702 dubitationem
878 656 968 715 loseplri
978 656 1034 700 eius-

155 745 200 789 que
210 730 277 775 dubii
284 747 325 791 per
336 730 446 789 angelum
457 731 605 785 solutionem;
617 730 668 774 dein
680 728 771 789 exponit
781 728 805 772 iu
815 731 927 788 conceptu
935 730 956 771 et
966 729 1034 786 partu

155 801 261 858 virgineo
275 803 337 847 cerui
348 802 535 862 adimpletionem
546 801 647 846 vaticinii
657 802 712 845 olim
725 800 772 845 dati
782 804 809 845 ls.
824 804 883 855 7,11.
1076 860 1078 864 Υ

185 872 275 917 Dixerat
284 889 300 916 s.
316 877 394 917 auctor
405 874 431 917 in
444 889 464 917 v.
480 878 506 917 16
519 877 591 917 Iesum
602 887 685 916 nomen
697 887 776 929 gerere
786 872 868 916 Christi
877 870 1032 930 (όλεγὸμενος).
1056 915 1059 917 μ

154 942 232 999 Pergit
247 959 309 988 nunc
329 943 366 1003 (errv
384 944 539 1003 plurimorum
554 942 694 1001 testimonio)
715 942 749 986 uti
771 947 806 1004 1,·t
824 942 944 1001 inceperat
962 957 966 986 :
986 946 1034 986 lesu

157 1014 239 1060 Christi
252 1015 369 1073 generatio
384 1017 400 1059 i.
418 1032 437 1060 e.
455 1018 517 1060 ortus
530 1014 568 1059 vel
581 1014 646 1071 origo
659 1013 758 1058 hominis
772 1013 811 1073 qui
827 1013 926 1060 nomine.
934 1016 985 1057 Iesu
997 1013 1034 1057 in·
1093 1060 1095 1063 ,

153 1085 228 1129 notuit
245 1087 353 1143 omnibus
367 1090 389 1130 et
404 1087 444 1145 qui
458 1087 525 1131 simul
539 1089 588 1130 erat
604 1086 697 1141 Messias,
715 1086 759 1129 hac
774 1084 862 1129 ratione
879 1084 953 1129 evenit
970 1097 974 1128 :
987 1099 1034 1128 non

154 1158 271 1202 communi
284 1157 405 1202 hominum
420 1159 488 1202 modo
505 1159 625 1216 conceptus
643 1162 686 1211 est,
704 1157 744 1200 sed
759 1155 806 1200 cius
822 1157 940 1215 conceptio
954 1156 1034 1200 effecta

154 1230 187 1271 est
207 1228 235 1272 de
257 1229 343 1288 Spiritu
365 1233 450 1273 sancto.
475 1232 534 1273 Bene
555 1228 652 1273 ostendit
671 1241 755 1272 nerum
775 1228 826 1272 cum
846 1227 1033 1271 antecedent-ibus

154 1299 178 1342 S.
200 1299 278 1359 Clu-ys.
299 1315 306 1344 :
327 1293 382 1344 u'ne
396 1301 490 1345 audiens
508 1300 582 1344 virum
596 1299 678 1344 Mariae
693 1293 786 1358 putares
805 1299 921 1343 communi
938 1301 1033 1343 naturae

153 1370 206 1428 lege
220 1372 334 1416 Christum
349 1374 430 1417 natum
447 1387 503 1426 esse,
519 1370 612 1415 adverte
623 1370 737 1430 quomodo
750 1385 777 1414 ea
790 1369 860 1413 addat
875 1385 932 1429 quae
943 1370 1033 1429 opinio-

153 1454 206 1485 nem
216 1430 283 1505 istam
294 1439 421 1500 corrigant,
437 1442 530 1497 audisti,
542 1439 626 1501 inquit,
642 1442 724 1495 virum,
739 1441 822 1486 audisti
832 1445 936 1496 matrem,
949 1440 1033 1485 audisti

153 1510 239 1558 noman
249 1529 321 1573 puero
337 1513 429 1568 datum,
444 1513 498 1565 audi
514 1508 582 1557 etiam
595 1512 750 1569 generationis
765 1512 893 1572 (γεννήσεως)
905 1512 998 1556 modum
1011 1530 1031 1556 a.

155 1585 214 1627 Haec
224 1588 302 1629 tamen
312 1584 383 1628 rerba
397 1599 401 1629 z
414 1585 496 1629 Christi
507 1584 625 1642 generatio
638 1584 669 1629 sic
682 1586 738 1638 crat,
753 1583 783 1629 ad
793 1583 953 1641 antecedentia
963 1573 1033 1627 refert

153 1655 177 1698 S.
196 1656 271 1711 Hiera,
289 1657 344 1700 item
361 1655 452 1700 videtur
469 1656 578 1713 Origenes
592 1656 654 1699 hom.
671 1659 700 1714 28
716 1656 741 1698 i'n
755 1657 838 1698 Lucam
854 1654 894 1714 (ll.
912 1656 1030 1711 13,1872);

152 1740 217 1785 posse
231 1728 311 1771 referri
326 1727 362 1771 vel
372 1727 402 1770 ad
412 1727 570 1772 antecedentia
583 1727 619 1769 vel
629 1727 659 1770 ad
672 1726 834 1785 subsequentia
846 1725 900 1769 Bed.
918 1725 973 1769 aab.
987 1727 1032 1769 eri·

151 1796 254 1841 stimant.
272 1798 316 1842 Sed
331 1799 518 1842 communissima
535 1812 607 1856 eaque
620 1812 674 1841 vcra
687 1797 799 1841 sententia
814 1801 853 1852 est,
872 1800 896 1840 ut
911 1797 940 1840 ad
955 1796 1032 1841 subse-

152 1869 246 1927 quentia
254 1869 371 1929 pertinere
386 1869 502 1923 dicautur;
518 1884 557 1913 cur
571 1868 631 1912 enim
644 1870 767 1914 Matthaeus
778 1868 882 1912 absoluta
895 1869 1032 1926 genealogia

151 1939 273 1984 adnotaret
283 1949 333 1984 eam
343 1940 376 1984 ita
385 1955 431 1985 esse
441 1941 555 1999 sicutipse
567 1954 615 1985 eam
627 1940 732 1985 retulerit
742 1931 814 1999 (Patr.
825 1940 878 1984 diss.
892 1944 918 1985 15
927 1955 950 1998 p.
964 1939 1032 1999 123)i

150 2010 174 2053 id
185 2012 247 2069 quod
262 2012 332 2071 plane
346 2012 460 2066 abundat3
478 2026 557 2056 rerum
573 2027 585 2055 e
600 2027 624 2055 re
639 2015 695 2066 erat,
711 2027 740 2055 ne
754 2012 804 2070 quis
817 2012 956 2056 existimaret
968 2011 1031 2055 Chri-

151 2084 211 2124 stum
220 2083 300 2126 eodem
310 2083 378 2126 modo
390 2098 434 2141 qno
444 2083 483 2126 alii
490 2083 596 2139 genitum
606 2097 663 2136 esse,
675 2082 768 2126 modum
781 2096 826 2140 quo
832 2083 922 2139 genitus
931 2083 988 2125 esset
996 2096 1030 2124 er·

149 2151 246 2211 plicare,
268 2156 293 2197 nt
311 2167 363 2197 eum
382 2152 445 2197 cuius
466 2153 639 2211 generationem
656 2167 706 2197 cum
727 2153 825 2197 aliorum
843 2151 1031 2211 generationibus

150 2226 335 2282 connumeraret,
354 2226 431 2268 tamen
447 2224 588 2281 singularem
602 2224 688 2268 habere
707 2224 822 2281 originem
836 2223 1030 2268 demonstraretur

150 2293 252 2353 (110111).
616 2297 618 2303 ’

179 2368 224 2409 Vox
234 2366 372 2427 desponsata
384 2367 410 2410 in
418 2368 513 2427 propria
524 2381 565 2411 sua
574 2371 596 2411 et
604 2369 681 2411 natira
692 2367 866 2424 significatione,
878 2368 1029 2423 utigraecum

149 2444 310 2499 praetreundum,
326 2438 421 2481 retineri
434 2438 512 2492 debet;
528 2437 576 2481 scil.
586 2433 708 2496 sponsalia
722 2451 768 2481 esse
784 2437 842 2481 inita
862 2438 923 2481 inter
938 2437 1029 2481 llariam

148 2509 170 2550 et
186 2508 273 2568 loseph.
295 2511 378 2552 Verum
392 2508 461 2552 simui
477 2511 566 2567 oportet
583 2508 670 2552 adverti
685 2508 748 2568 apud
767 2508 861 2554 ludaeos
881 2509 969 2568 sponsis
981 2509 1029 2553 iam

89 2598 90 2602 ¹
147 2578 227 2622 eadem
239 2579 291 2624 iura
301 2579 369 2624 fuisse
382 2594 441 2639 quae
451 2594 497 2625 esse
510 2580 584 2624 solent
594 2580 740 2625 matrimonio
748 2579 838 2624 iunctis.
851 2580 950 2625 Proinde
959 2581 1028 2624 ctiam

147 2653 272 2709 antequam
290 2666 372 2710 sponsa
391 2667 478 2711 pompa
498 2651 602 2696 sollemni
619 2652 644 2697 in
660 2653 753 2697 domum
773 2653 851 2712 sponsi
868 2653 989 2696 duceretur
1007 2655 1029 2695 et

145 2721 239 2779 nuptiae
254 2723 333 2767 festive
347 2723 529 2778 celebrarentur,
547 2738 643 2782 sponsus
659 2728 681 2768 et
699 2739 782 2785 sponsa
798 2724 892 2783 impune
908 2727 1028 2782 tamquam

145 2792 180 2834 vir
191 2794 213 2835 et
228 2794 310 2837 mulier
320 2795 380 2838 inter
392 2809 415 2838 sc
429 2810 498 2852 agere
508 2798 621 2855 poterant.
635 2799 708 2855 Atque
719 2797 855 2854 desponsam
866 2795 951 2854 ,haberi
960 2794 1028 2839 sicuti

147 2866 251 2921 nuptam,
268 2865 337 2909 etiam
353 2881 379 2909 ex
391 2864 455 2911 Dent.
472 2871 580 2920 223318
594 2868 670 2911 statim
686 2867 809 2924 colligitur.
826 2867 860 2910 Ad
873 2882 925 2911 eum
938 2880 1027 2910 morem
1082 2922 1084 2928 Ι
1114 2861 1117 2862 ’

146 2932 279 2989 legitimum
290 2951 337 2980 non
353 2937 497 2982 attendentes
513 2937 585 2997 aliqui
600 2942 717 2997 putarunt,
733 2940 758 2980 ut
770 2938 851 2981 honori
865 2937 961 2996 virginis
971 2941 1028 2982 esset

144 3005 284 3060 consultum,
300 3007 460 3066 desponsatam
476 3010 583 3054 hocloco
599 3009 672 3069 accipi
688 3008 770 3053 debere
786 3008 810 3052 in
820 3010 914 3054 notione
930 3018 1023 3069 itepide.

143 3078 176 3119 lta
189 3075 281 3120 videtur
294 3078 318 3121 S.
331 3079 462 3123 rtrnhrosr'as
480 3079 513 3140 (in
525 3084 578 3124 Luc.
593 3079 634 3124 lib.
649 3079 696 3139 23)
711 3080 830 3139 accepisse,
843 3095 895 3125 cum
907 3080 967 3124 dieat
977 3096 1027 3140 par-

143 3149 192 3190 tum
215 3148 327 3209 innuptae
347 3149 400 3207 lege
421 3152 539 3206 damnari;
562 3152 594 3195 ita
617 3150 688 3197 arcta.
708 3153 768 3197 lons.
787 3151 850 3210 Syia.
871 3151 965 3212 aliique.
985 3156 1017 3198 Re
