2211 3575
411 206 487 243 xrxrru.
504 204 524 251 3,
541 203 573 243 ll.
597 256 600 259 K
762 189 763 192 ’
897 209 934 249 183

48 313 190 344 consumens
203 300 277 359 (Dent.
290 303 359 363 mla),
374 303 405 348 ita
421 319 511 364 quoque
522 304 606 348 dicitur
618 304 694 349 lavare
710 303 787 348 sordes
798 306 820 347 et
830 303 934 363 ¹sangui-

57 385 109 414 nem
122 371 244 415 Ierusalem
253 372 279 416 in
288 375 370 433 spiritu
382 375 459 419 iudicii
470 380 491 419 et
501 375 585 435 spiritu
595 375 682 420 ardoris
692 378 718 420 Is,
735 379 772 432 tut
784 377 806 420 et
817 375 846 419 cf.
860 371 912 429 1,Ξὸ
925 388 930 419 2
942 380 944 398 l

57 456 179 501 excoquam
195 443 224 487 ad
241 459 326 503 purum
346 446 441 490 scoriam
459 450 536 501 tuam,
557 447 642 505 etipse
658 447 744 491 Messias
764 446 903 492 describitur
920 461 933 490 a

56 513 163 557 blalachia
181 514 247 573 :ipse
267 518 332 575 quasi
354 518 413 573 ignis
425 517 529 561 conflans
546 520 568 560 et
585 518 657 560 herba
676 517 787 561 fullonum
804 521 827 561 et
845 517 933 561 sedebit

57 583 156 628 conflans
170 588 191 629 et
200 587 328 632 emundans
341 590 461 644 argeutum
474 590 496 631 et
506 587 617 647 purgabit
626 587 684 631 tilios
695 588 747 631 Levi
763 591 786 631 et
796 588 881 631 colabit
895 602 933 632 eos

50 655 114 714 illul.
130 660 176 712 33.
192 657 223 716 3).
236 659 373 717 Explicatur
388 659 464 718 itaque
478 659 539 718 tpnr's
558 658 674 702 additione
686 658 774 716 gratiae
787 658 940 720 vehementia

50 719 79 797 get
95 728 194 773 efficacia
211 728 243 788 (S.
263 730 343 788 Chrys.
358 729 447 790 Barth
456 730 578 790 purgatio,
597 730 684 774 exustio
697 730 818 785 scelerum3
835 748 845 771 u
858 734 933 774 totum

51 799 117 864 enim
127 800 243 843 hominem
253 801 351 859 Spiritus
360 802 474 855 immutat,
486 797 718 860 sordes'peccatorum
730 797 815 855 exurit,
826 802 944 850 tenebras
961 826 962 830 =

24 887 26 890 ·
51 869 121 932 ¹lugat
139 873 160 914 et
178 871 207 914 ad
223 872 314 916 virtutis
332 887 401 932 opera
417 875 439 916 et
455 863 637 933 promovendam
655 873 694 916 Dei
713 873 810 930 gloriam
827 872 933 916 ardentes

55 955 147 999 prorsus
160 942 263 987 homines
276 942 352 987 reddit
362 947 384 987 et
393 945 488 988 invictos
501 964 510 985 a
523 945 592 1004 (laras.
602 945 655 989 sim.
670 946 725 1003 Lep.
741 943 814 989 Colat.
830 944 929 1002 Carboni,

50 1013 154 1073 :Sclaepp
174 1014 276 1068 Sclronz,
292 1014 354 1073 Fit).
368 1016 401 1059 xd
412 1017 476 1060 hanc
490 1017 538 1059 vim
552 1019 574 1060 et
589 1015 713 1060 efficaciam
729 1005 931 1060 demonstrandam

56 1085 151 1143 Spiritus
168 1089 257 1137 sanctus
272 1087 309 1130 die
325 1087 464 1145 pentecostes
481 1087 524 1131 sub
536 1087 609 1130 torma
625 1088 685 1143 ignis
701 1087 817 1131 descendit
834 1087 859 1130 in
877 1102 931 1146 apo-

56 1156 134 1210 statos,
150 1157 189 1215 qui
208 1157 281 1214 igitur
295 1157 325 1201 ad
338 1156 439 1202 litteram
453 1158 564 1217 baptizati
575 1160 629 1209 sunt
643 1158 726 1217 Spiritu
742 1161 818 1202 sancto
834 1162 856 1201 et
868 1159 928 1215 igni3

57 1241 127 1286 (prere
143 1227 167 1270 in
184 1242 210 1271 eo
226 1231 310 1272 eventu
327 1228 397 1273 verba
408 1230 447 1273 illa
459 1229 604 1289 potissimum
619 1230 726 1288 explicari
742 1230 823 1273 merito
839 1231 931 1273 censent

19 1313 21 1317 ’
56 1298 94 1356 (cf.
113 1299 137 1343 S.
150 1298 211 1343 Hier.
226 1300 296 1343 Euri.
316 1299 367 1344 Alb.
385 1301 444 1344 Icus.
467 1301 515 1345 oct.
536 1299 608 1344 Malo.
625 1302 681 1360 Lop.
704 1299 851 1363 Colm.etc.).
869 1300 932 1351 Quod

50 1369 117 1424 enim
130 1369 162 1413 ibi
174 1371 246 1429 specie
263 1371 349 1415 visibili
362 1371 387 1415 in
402 1372 605 1432 apostolisfiebat‚
617 1371 651 1415 'id
665 1386 705 1431 pro
720 1386 834 1416 mensura
843 1372 931 1429 gratiae
958 1394 959 1398 =

50 1436 153 1489 {cuiusvis
162 1442 271 1485 invisibili
280 1443 369 1487 ratione
379 1442 404 1487 fit
414 1444 438 1487 in
445 1457 583 1503 unoquoque
594 1444 633 1502 qui
645 1444 725 1487 Christi
736 1443 827 1502 corpori
836 1432 935 1500 mystico

50 1492 161 1571 {sociatur
175 1514 282 1572 Apposite
298 1513 352 1557 dicit
362 1513 411 1558 Alb.
428 1529 435 1559 :
450 1533 461 1557 o
473 1514 577 1574 loquitur
589 1500 618 1558 [le
633 1515 686 1572 igne
703 1508 743 1574 qui
753 1514 871 1558 descendit
881 1517 929 1559 Act.
999 1508 1000 1511 ¹

17 1615 20 1625 .
49 1580 77 1638 ’2,
93 1581 301 1644 'qrrando'Spiritus
322 1589 411 1642 sanctus
429 1585 495 1630 datus
513 1586 542 1630 ad
560 1586 640 1640 robur,
661 1585 718 1630 sicut
736 1586 802 1635 nobis
821 1585 931 1629 daturin
973 1638 975 1640 Ι

56 1654 240 1709 Confirmationep
259 1657 314 1714 quia
331 1659 353 1700 et
372 1658 516 1716 Confirmatio
533 1660 567 1700 est
582 1656 690 1716 perfectio
707 1657 789 1701 ultima
805 1656 927 1715 baptizati;

49 1722 132 1770 'manet
141 1726 212 1770 fomes
222 1729 272 1786 post
281 1727 430 1786 baptismum3
443 1743 469 1771 ex
478 1729 523 1772 hoc
532 1720 692 1772 debilitaretur
703 1728 768 1772 miles
778 1728 874 1780 Christi,
885 1728 930 1771 nisi
981 1758 983 1761 -

48 1800 135 1855 contra
148 1812 200 1841 eum
220 1799 334 1857 acciperet
351 1798 558 1852 confirmationem,
582 1798 645 1858 quod
661 1798 714 1843 tacit
736 1799 797 1856 ignis
817 1799 931 1843 exsiccans

56 1867 263 1928 concupiscentiam
270 1872 294 1913 et
310 1870 401 1915 elevans
411 1885 448 1914 cor
463 1871 491 1914 ad
503 1870 573 1930 spem
583 1873 605 1914 et
620 1870 752 1914 illuminans
762 1870 791 1914 ed
806 1869 897 1927 agenda
905 1869 931 1914 'et

55 1939 179 1984 accendens
188 1940 217 1984 ad
227 1955 342 1996 amorem;
353 1942 432 1998 ignem
441 1942 494 1986 veni
504 1943 607 1996 mittere3
621 1941 738 2000 lampades
751 1941 799 1985 eius
811 1940 931 2000 lampades

55 2011 115 2068 ignis
130 2014 196 2071 atque
206 2012 364 2068 flammarum3
377 2013 506 2071 egrediatur
518 2015 543 2056 ut
553 2013 660 2072 splendor
672 2006 743 2056 iustus
760 2012 808 2055 eius
819 2014 841 2055 et
857 2012 931 2055 salva-

55 2084 90 2125 tor
101 2082 148 2126 eius
160 2083 222 2127 velut
236 2083 326 2143 lampas
337 2084 475 2128 accendatur
487 2103 497 2125 x
509 2084 573 2143 (Luc.
592 2087 666 2139 12,b9.
682 2086 744 2127 Cant.
756 2087 803 2138 8‚6.
818 2086 845 2126 ls.
858 2082 929 2140 621).

35 2228 37 2234 ’
83 2242 111 2280 Ex
121 2240 141 2280 vi
152 2242 172 2280 et
182 2239 273 2279 efficacia
283 2240 412 2291 operationis
422 2240 513 2291 Spiritus
524 2240 592 2280 sancti
603 2250 657 2289 quae
668 2239 710 2290 igni
721 2238 834 2278 exhibetur
845 2241 865 2277 et
876 2250 930 2289 (puae

56 2306 83 2346 ad
91 2305 182 2357 plurima
192 2316 237 2345 sese
250 2305 355 2353 extendit,
367 2304 434 2344 variae
449 2305 493 2344 eius
508 2304 608 2343 dictionis
619 2303 768 2355 explicationes
780 2302 872 2343 derivari
883 2315 931 2355 pos-

56 2373 105 2411 sunt
118 2372 139 2410 et
149 2370 191 2411 fere
202 2370 268 2410 amice
282 2370 338 2409 inter
348 2381 370 2410 se
384 2369 497 2410 conciliari.
510 2370 542 2409 lta
550 2370 603 2409 sunt
613 2368 649 2420 qui
662 2369 709 2420 igne
719 2380 814 2408 amorem
825 2368 930 2419 divinum,

56 2436 148 2477 caritatis
160 2436 249 2489 gratiam
265 2448 290 2476 ac
305 2436 407 2476 virtutem
423 2436 544 2489 intelligant
555 2434 584 2489 (S.
605 2433 678 2474 Poscit.
692 2433 752 2474 orca.
771 2434 836 2475 Sotm.
852 2433 930 2487 resep

57 2517 67 2539 c
78 2514 128 2543 nam
138 2502 158 2542 in
167 2502 251 2543 levitico
261 2514 325 2554 super
336 2502 400 2542 altare
409 2514 492 2554 semper
499 2502 535 2542 ille
543 2500 598 2553 ignis
608 2501 634 2541 de
645 2501 702 2541 coelo
712 2500 790 2540 missus
798 2500 887 2541 ardebat
894 2491 932 2551 ciui

55 2568 177 2609 holocausta
188 2570 262 2608 cuncta
277 2570 412 2608 consumeret
425 2571 446 2608 et
457 2570 560 2609 cremaret
573 2567 669 2607 omnium
683 2559 835 2607 sacrificiorum
846 2566 940 2619 adipes„

56 2633 176 2686 significans
187 2633 266 2684 eosqui
280 2645 344 2684 super
354 2633 460 2674 Christum
471 2633 493 2673 in
503 2634 591 2673 odoram
603 2633 711 2673 suavitatis
721 2633 743 2671 in
755 2632 884 2672 sacrificium
899 2633 932 2672 vel

55 2698 78 2738 in
87 2698 233 2739 holocaustum
246 2698 339 2738 Domino
353 2699 401 2750 igue
415 2698 480 2739 divini
493 2699 572 2739 amoris
587 2698 654 2738 veluti
665 2698 763 2737 victimae
774 2697 870 2748 quotidie
882 2708 932 2736 con-

55 2767 184 2813 cremantur:
196 2776 238 2815 quo
251 2763 347 2817 profecto
362 2764 409 2815 igne
424 2764 533 2805 credentes
548 2764 599 2814 quid
610 2762 668 2802 aliud
681 2774 744 2814 quam
758 2762 932 2814 rebaptizantur?

54 2828 112 2869 hunc
122 2830 186 2881 igitur
196 2831 266 2882 ignem
277 2829 336 2870 venit
345 2830 402 2869 Iesus
412 2829 494 2869 mittere
506 2829 528 2867 in
540 2831 619 2868 terram
629 2830 650 2867 et
660 2828 710 2879 quid
720 2828 764 2868 vult
774 2828 816 2867 nisi
827 2829 851 2868 ut
861 2829 934 2868 ardeat

43 2930 45 2942 ,
56 2896 77 2933 et
87 2897 207 2935 concremet
220 2896 318 2936 urriversa
331 2894 398 2934 carnis
408 2894 468 2943 vitia,
482 2896 587 2946 quatenus
598 2893 620 2932 in
631 2905 656 2934 eo
667 2894 727 2934 electi
739 2894 764 2934 ad
778 2905 857 2934 novam
867 2894 934 2934 vitam

38 2991 40 2997 .
59 2959 154 3010 quotidie
164 2962 299 3001 renascantur
310 2976 320 2998 »
332 2959 361 3014 (S.
374 2959 434 3000 Puscl
442 2959 462 3013 .).
476 2960 529 2999 Alis
540 2959 621 3011 placuit
634 2959 752 3011 intelligere
763 2959 834 3011 ignem
845 2958 934 2999 tribula-

42 3056 46 3060 .
58 3023 123 3065 tionis
137 3026 155 3065 et
166 3025 308 3066 tentationum
319 3038 360 3078 quo
370 3026 434 3066 animi
447 3026 572 3078 purgentur⁷
584 3026 699 3077 probentur
711 3027 732 3065 et
741 3025 782 3065 Deo
793 3024 875 3077 accepti
886 3024 934 3064 red-

59 3087 134 3131 dantur
143 3089 180 3144 (op.
192 3093 239 3142 imp.
251 3092 302 3131 Rea
315 3092 344 3144 pl.
354 3080 399 3132 'ord
412 3090 483 3144 Sola.)
493 3102 546 3142 quae
558 3090 664 3131 sententia
674 3090 693 3131 S.
704 3090 821 3142 Augustino
832 3101 875 3129 nou
888 3090 932 3138 dis-

58 3153 142 3205 plicuit3
160 3156 232 3196 scribit
241 3155 297 3195 enim
307 3168 311 3195 :
322 3172 331 3193 c
343 3158 398 3208 quod
412 3157 463 3197 dlxit
473 3157 563 3197 Ioannes
574 3161 593 3195 et
601 3155 651 3207 aar,
661 3156 756 3207 quamvis
765 3156 834 3208 possit
843 3154 932 3205 intelligi
