2239 3511
140 190 177 230 no
484 202 558 232 aaran.
576 194 594 241 r
611 192 680 232 noar.

138 290 267 337 liternino.
283 291 379 349 Tlveopd.
391 290 463 336 Salat.
473 293 533 334 Iena.
549 290 620 336 ruere.
638 290 710 336 Calin,
723 317 753 325 -
764 292 782 336 ii
792 291 832 351 qui
842 283 943 337 συνελθεῖν
955 306 976 335 v.
993 294 1020 336 18

139 363 166 407 de
176 377 296 420 congressu
308 362 406 414 maritali
413 361 535 420 explicant,
549 362 591 405 hoc
601 362 650 406 loco
659 362 762 422 accipere
772 369 895 422 παραλαὸεῖν
907 362 1021 422 explicant

127 433 200 477 'domi
218 434 330 489 retinere;
351 433 428 485 animo
444 434 504 477 enim
524 433 604 477 dicunt
622 447 673 477 earn
692 434 738 477 iam
756 421 874 479 dimiseiat
888 433 921 495 (S.
936 432 1018 493 Chrys.
1043 491 1046 497 Ι

137 504 206 549 Eruli.
224 504 297 550 urard.
317 507 376 550 lans.
396 507 450 550 Bar.
471 503 514 562 Syl
530 506 556 562 .);
578 519 657 550 verum
676 510 799 564 παραλαὸεῖν
818 520 865 549 non
883 506 939 550 dicit
958 505 1021 549 domi
1045 539 1048 545 .

137 577 245 632 retinere3
259 576 364 636 proinde,
379 576 412 620 nti
424 576 484 620 adv.
498 580 524 620 18
539 576 585 620 iam
602 575 688 620 dictum
702 578 742 630 est,
755 590 833 620 sensus
846 579 879 621 est
889 591 958 635 quem
968 591 1020 621 ver·

137 647 193 691 hum
209 647 285 707 ipsum
302 648 416 708 exprimit,
434 651 523 692 utnon
539 647 628 693 dubitet
642 645 679 691 vel
695 651 800 692 vereatur
817 662 867 691 eam
883 646 908 691 in
924 647 1020 692 domuin

126 717 202 762 'suam
211 719 324 764 adducere
336 718 417 778 (Satur.
433 721 496 764 Patr.
512 719 609 779 Scheqp,
622 718 718 775 Sedens,
734 719 790 780 Fit.)
806 721 828 762 et
841 718 1019 763 sollemnitatem

137 790 269 849 nuptiarum
286 790 401 836 celebrare
417 790 448 850 (S.
468 790 567 850 litem).
585 794 657 842 Quare
674 780 743 835 etiam
760 790 880 849 coniugem
899 797 962 834 trient
979 805 1019 848 ap-

137 861 220 920 positio
233 865 266 905 est
279 861 309 905 ad
326 861 492 906 declarandum
508 877 553 920 qua
569 861 595 905 in
608 862 738 906 conditione
749 863 816 906 Maria
826 862 873 905 iam
885 861 954 905 fuerit
967 863 1019 905 ante

138 932 272 976 sollemnem
281 935 302 976 et
308 931 423 991 publicam
432 932 457 975 in
463 932 556 976 domurn
565 927 734 986 deductionem,
744 947 819 992 neque
829 932 882 976 licet
890 933 1002 990 explicare
1012 944 1017 975 ε

137 1003 240 1065 accipere
249 1003 341 1047 llariam
355 1012 473 1062 coaequam
484 1002 604 1062 contraponi
618 1011 689 1057 triani,
701 1018 754 1047 cum
764 1008 887 1061 παραλαὸεῖν
899 1002 946 1046 iam
958 1002 1029 1047 dicat·

139 1074 241 1133 aliquam
252 1075 354 1134 accipere
362 1077 485 1133 tamquam
498 1089 590 1132 uxorem
606 1074 643 1132 (cl.
658 1074 766 1134 Sedena).

167 1148 211 1189 Cur
221 1144 268 1190 non
276 1145 359 1190 debeat
368 1145 475 1190 dubitare
482 1145 518 1188 vel
526 1145 608 1200 vereri,
620 1145 712 1190 additur
723 1160 728 1190 ε
741 1147 797 1205 quia
808 1146 871 1205 quod
881 1146 905 1190 in
917 1161 943 1190 ea
949 1160 1019 1204 perte-

136 1225 213 1260 ratem
227 1219 261 1261 est
274 1224 296 1261 rt
312 1223 331 1262 'cv
348 1220 396 1277 αὐτῇ
412 1222 514 1274 γεννηθέν,
530 1216 557 1260 de
571 1215 612 1275 (ta)
624 1216 711 1275 Spiritu
719 1220 796 1261 sancto
807 1220 852 1271 est;
865 1217 931 1276 quasi
941 1215 1016 1261 dicat:

97 1275 99 1282 γ
139 1287 166 1331 de
180 1287 283 1344 genitore
293 1303 322 1332 ne
336 1287 440 1343 dubites3
452 1287 514 1346 quod
528 1288 589 1332 enim
604 1289 667 1332 inea
680 1287 783 1346 genitum
797 1294 838 1343 est,
851 1288 966 1332 anemine
976 1302 1032 1345 geu

139 1358 213 1403 nitum
224 1362 264 1411 est,
276 1359 315 1403 sed
325 1359 353 1403 de
363 1359 449 1418 Spiritu
461 1361 538 1403 sancto
550 1361 582 1416 est
596 1349 692 1418 (Patri.⁴
701 1359 735 1403 Ad
745 1359 807 1418 quod
815 1372 951 1419 responsum
960 1358 1018 1402 bene

136 1431 294 1474 notatSaarez
304 1431 319 1474 l.
333 1445 351 1474 c.
364 1443 369 1473 :
382 1448 393 1471 a
402 1431 458 1473 haee
466 1430 523 1474 ratio
533 1445 579 1474 non
590 1431 670 1475 fuisset
679 1430 823 1486 conveniens,
833 1431 853 1474 si
861 1432 928 1474 antea
938 1430 1018 1488 loseph
1030 1419 1032 1425 '
1060 1418 1062 1423 ’

81 1502 82 1505 ’
137 1501 182 1544 hoc
193 1499 322 1558 agnovisset
339 1503 361 1544 et
375 1515 400 1545 ea
418 1500 445 1544 de
457 1514 525 1545 eausa
538 1515 589 1544 cum
599 1501 691 1557 Virgine
702 1516 838 1561 permanere
851 1504 874 1545 et
884 1500 1017 1545 cohabitare

137 1571 250 1616 timuisset
263 1589 274 1612 a
288 1575 310 1616 et
323 1571 404 1616 eodem
419 1571 487 1615 modo
498 1574 560 1616 notat
573 1574 626 1616 Ber.
640 1573 683 1615 hac
700 1572 778 1629 angeli
790 1572 940 1632 responsione
952 1571 1017 1615 illam

136 1636 272 1687 sententiam
281 1643 383 1702 explodi3
397 1661 407 1684 o
420 1643 557 1702 respondere
567 1643 628 1686 enim
641 1646 717 1702 posset
730 1643 826 1703 loseph:
839 1644 890 1687 ideo
899 1658 942 1700 ego
951 1642 1016 1686 illam

68 1717 75 1720 ”
137 1713 253 1758 dimittere
264 1714 315 1758 volo
332 1714 387 1772 quia
400 1729 426 1758 ex
442 1717 523 1758 Sancto
536 1714 654 1773 concepit3
666 1729 714 1757 non
727 1714 788 1758 enim
805 1729 858 1758 cum
871 1728 898 1757 ea
911 1713 1016 1757 habitare

136 1785 209 1828 audeo
219 1799 276 1843 quae
284 1788 360 1828 tantae
371 1788 404 1828 est
414 1785 540 1828 sanctitatis
551 1788 572 1828 et
582 1785 706 1841 dignitatis.
718 1784 740 1828 Si
748 1785 788 1829 ille
796 1785 893 1829 timebat
900 1784 929 1828 ob
940 1784 1016 1840 digni-

108 1901 109 1904 ,
135 1858 287 1899 tatemtantae
296 1856 375 1899 matris
383 1870 434 1899 cum
442 1871 469 1899 ea
479 1855 591 1911 habitare,
600 1870 707 1915 quorsum
716 1855 857 1900 redditurab
866 1856 950 1913 angelo
960 1856 1017 1900 haec

136 1941 211 1982 causa,
219 1942 259 1971 cur
270 1926 385 1970 dimittere
396 1942 442 1970 non
452 1927 534 1971 debeat
546 1926 687 1971 »teteod‘em
698 1927 766 1971 modo
773 1927 838 1986 Syia.
849 1942 858 1971 .·
866 1944 877 1968 a
889 1926 951 1986 quod
962 1942 1016 1971 vero

136 2002 187 2043 ante
197 1998 275 2055 angeli
288 1998 459 2058 apparitionem
469 1998 548 2057 Ioseph
559 2013 604 2042 non
616 1999 745 2056 agnovisset
758 1992 895 2057 mysterium
908 2001 1017 2042 lucarna·

135 2065 213 2122 tionis,
224 2069 282 2113 mihi
298 2069 416 2113 manifeste
430 2060 527 2112 ostendit
543 2070 629 2114 dietum
646 2069 723 2127 angeli
736 2072 808 2113 totam
822 2084 871 2113 rem
882 2069 1013 2123 revelantis;

136 2141 165 2185 ad
180 2140 234 2199 quid
245 2140 301 2183 haec
311 2140 406 2197 angelus
416 2139 509 2193 diceret,
522 2139 541 2183 si
554 2141 601 2183 iarn
613 2140 713 2184 revelata
726 2143 792 2184 erant
803 2141 830 2183 a?
839 2139 903 2184 Unde
914 2139 1015 2184 dicamus

135 2209 270 2256 cum-lllold.
282 2210 347 2254 illam
357 2210 578 2270 interpretationem,
589 2211 709 2270 losephum
722 2211 769 2255 iam
782 2214 850 2256 antea
864 2210 955 2258 scivisse
968 2225 1015 2269 my-

135 2283 228 2326 sterium
237 2281 410 2337 lncarnationis‚
421 2281 470 2326 loeo
479 2286 524 2325 non
531 2283 659 2337 convenire,
671 2282 866 2327 sedconcedamus
873 2297 925 2326 cum
933 2281 1015 2326 ecdem

70 2400 74 2407 ,
136 2358 214 2398 eorum
226 2357 304 2397 tamen
317 2356 436 2398 auctorum
447 2353 527 2412 pietati
537 2354 635 2397 maxime
646 2353 775 2397 convenire.
789 2356 817 2396 At
826 2353 893 2396 nobis
904 2367 1015 2411 quaeren-

135 2426 190 2469 dum
202 2427 235 2467 est
244 2438 334 2482 semper
344 2427 366 2466 et
375 2423 463 2481 ubique
474 2424 529 2482 quid
539 2424 568 2467 sit
579 2438 667 2468 verum⁴
720 2423 721 2426 ’

164 2494 359 2553 Dignitaslosephi
365 2510 386 2537 v.
394 2490 421 2537 20
430 2494 559 2537 declaratur
565 2508 590 2537 eu
595 2494 735 2538 sublimitate
741 2503 844 2554 sponsae.
853 2495 946 2539 Accedit
952 2496 1015 2554 qnod

136 2568 156 2611 ei
165 2567 239 2618 honor
247 2568 270 2609 et
275 2580 332 2610 cura
338 2568 360 2608 et
369 2564 470 2608 officium
479 2565 631 2625 demandatur
640 2566 711 2625 patris
720 2566 744 2609 in
753 2582 775 2611 v.
786 2570 814 2611 20
826 2580 830 2612 :
838 2565 915 2626 periet
923 2565 1015 2625 filiurn
1029 2611 1030 2614 ,

135 2638 257 2682 advertunt
266 2652 311 2680 non
321 2635 375 2681 addi
386 2636 419 2681 uti
429 2639 481 2698 Luc.
498 2641 548 2691 1‚13
561 2636 589 2681 de
599 2637 715 2692 Zacharia,
728 2637 783 2695 aba·
792 2638 854 2682 lilius
865 2639 926 2681 enim
934 2638 1014 2683 llariae

135 2709 176 2752 toti
185 2708 271 2752 mundo
282 2708 383 2752 nascitur
391 2709 423 2766 (S.
440 2710 457 2750 T
456 2708 516 2752 siout.
528 2707 600 2753 Satin.
612 2710 673 2753 lares.
689 2708 764 2768 Bar),
780 2709 814 2753 uti
824 2708 907 2753 dicitur
917 2712 945 2752 ls.
956 2712 994 2763 9,5
1007 2722 1012 2754 ι

134 2778 242 2835 parvulus
256 2782 321 2823 natus
332 2782 365 2823 est
375 2780 441 2823 nohis
452 2783 474 2824 et
485 2779 544 2824 filius
552 2779 618 2824 datus
628 2784 660 2824 est
669 2781 742 2824 nobis.
756 2780 798 2825 sed
810 2795 863 2824 cum
872 2780 920 2823 eius
930 2794 1014 2838 spensa

135 2850 210 2909 pariat
219 2849 290 2894 filium
301 2850 365 2910 isque
374 2851 398 2895 in
408 2851 553 2895 matrimonio
564 2851 666 2908 legitimo
675 2854 789 2905 nascatur5
801 2851 915 2909 singulari
924 2851 1013 2896 ratione

134 2920 214 2979 loseph
230 2919 281 2963 iura
293 2922 363 2966 hahet
374 2925 478 2981 paterna.
490 2925 520 2966 Ea
534 2923 628 2978 angelus
639 2937 730 2982 quoque
739 2921 820 2966 asserit
829 2921 906 2966 dicens
917 2930 938 2966 et
948 2937 1013 2967 eece-

134 2993 166 3036 tis
175 3005 258 3036 norrea
269 2991 315 3035 eius
324 2995 396 3036 [escun
401 3008 410 3049 ,¹
424 3009 475 3038 cum
484 2993 508 3037 id
519 2997 586 3038 antea
599 2995 645 3038 iam
657 2994 725 3037 matri
733 2993 819 3037 dictum
829 2995 857 3038 sit
867 2994 874 3052 (
878 2996 927 3038 Luc.
940 2994 1010 3054 1,3l),

134 3079 195 3108 nune
208 3067 284 3108 autem
298 3065 392 3122 loseplio
403 3080 494 3124 quoque
505 3065 602 3116 dicatur,
612 3065 739 3109 ostenditur
747 3079 798 3109 enm
808 3065 895 3110 habere
905 3065 930 3109 in
940 3064 1012 3109 filium

134 3135 184 3180 iura
193 3138 297 3193 paterna,
306 3135 366 3178 'sicut
379 3138 451 3178 mater
460 3136 528 3180 habet
537 3138 652 3190 materna3
664 3135 760 3194 proinde
771 3152 825 3181 vero
835 3136 934 3196 quodam
945 3151 1012 3181 sensu
