2211 3575
461 236 538 283 aaran.
547 237 586 290 ll,
603 241 672 282 ao-nl.
790 251 792 254 ’
971 245 1009 284 507

155 340 190 383 Uti
202 341 249 395 iam
265 342 294 387 ad
303 358 323 395 v.
337 347 363 388 18
377 342 483 398 vidimus,
497 343 529 388 ita
542 343 586 388 hoc
601 344 652 388 loco
666 345 750 388 ilerum
767 342 876 388 discimus
891 341 1005 387 multaab
1073 350 1076 353 ’

126 412 271 470 evangelistis
289 411 378 460 silentio
396 429 443 460 esse
464 415 633 476 praetermissa.
655 419 711 460 Nam
730 415 770 459 ubi
787 414 873 465 mentio
891 414 917 459 tit
934 413 1007 474 pluri-

126 496 217 528 marum
227 485 337 530 virtutum
349 501 405 546 quas
414 487 514 532 Christus
524 486 549 531 in
559 475 669 532 corozain
681 489 703 531 et
713 486 835 531 Bethsaida
844 489 951 546 operatus
960 488 1006 531 est‘?

125 555 249 600 Matthaeus
260 558 299 616 qui
313 557 392 603 scribit
404 572 448 617 pro
462 558 598 618 aequalibus
615 558 699 603 merito
716 571 845 618 supponere
859 559 934 617 potuit
949 559 1006 602 haec

125 624 242 686 plerisque
258 642 304 672 esse
321 632 386 684 nota3
407 628 514 688 scriptori
531 644 584 674 vero
604 630 690 674 iuniori
706 644 736 674 ne
750 629 776 674 in
790 630 892 674 mentem
912 628 1007 689 quidem

125 697 203 742 venire
212 699 289 758 potuit
302 699 372 744 talem
386 699 469 744 Christi
482 690 612 745 sermonem
621 701 738 746 inducere.
750 702 854 746 Annectit
867 701 1007 759 evangelista

125 768 182 814 haec
204 771 359 830 superioribus
382 771 495 830 particula
511 774 566 828 rica,
584 779 637 816 tuac
659 786 717 831 quae
739 772 920 831 frequentissime
943 771 1006 832 apud

125 854 183 905 eum
189 841 275 898 legitur
285 841 341 901 llere
350 840 479 901 nonagies).
491 846 521 888 Ea
535 847 612 889 autem
625 858 672 887 non
685 840 811 888 necessario
823 843 905 887 seriem
915 846 1005 902 tempo-

124 911 157 956 ris
167 911 293 970 designari,
305 914 351 958 iam
359 915 383 959 S.
392 913 536 974 Auqustiaus
546 919 624 960 monet
634 914 741 975 (decons.
751 928 832 973 evang.
842 918 864 969 2,
874 913 923 974 32);
936 914 1005 959 etiam
1053 935 1063 945 r

125 983 187 1043 apud
203 984 325 1044 scriptores
343 986 452 1045 prolanos
468 986 592 1035 adhibetur
605 987 695 1046 saepius
711 986 803 1031 notione
818 986 887 1033 valde
902 985 1005 1045 generali

125 1070 151 1099 ac
159 1056 345 1102 indeterminata.
355 1060 426 1109 Quare
436 1073 462 1121 ex
469 1073 496 1103 ea
505 1074 553 1104 non
562 1060 615 1103 licet
625 1059 724 1117 arguere
732 1066 791 1103 certo
804 1051 1004 1119 exprobrationem

124 1126 200 1171 statim
213 1123 265 1188 post
275 1128 433 1173 antecedentia
443 1144 492 1174 esse
503 1131 595 1176 factam.
609 1133 664 1195 Cum
674 1129 764 1175 dicatur
772 1137 825 1175 tuuc
839 1130 913 1192 coepit
924 1145 1003 1190 capro-

125 1198 198 1253 brure,
209 1198 326 1244 indicatur
336 1199 452 1245 Christum
461 1201 552 1260 saepius
565 1205 587 1245 e't
600 1201 704 1261 pluribus
716 1216 754 1246 eas
765 1201 866 1247 civitates
880 1201 1003 1261 reprehen-
1067 1210 1068 1213 ’

92 1297 95 1302 -
124 1269 183 1314 disse
199 1274 221 1315 et
239 1270 404 1328 evangelistam
419 1271 444 1315 id
458 1271 568 1332 peculiari
583 1272 692 1331 pondere
702 1272 760 1317 velle
774 1272 863 1326 efferre;
881 1287 936 1318 nam
954 1273 1003 1332 ipsa
1016 1330 1031 1335 Ι,

122 1339 208 1385 locutio
217 1341 288 1394 habet
293 1341 382 1401 aliquid
389 1356 459 1399 grave
469 1357 496 1387 ao
505 1343 617 1389 sollemne
625 1343 740 1404 (Scheqq).
749 1344 874 1403 Exprobrat
885 1347 962 1388 autem
973 1345 1004 1388 ct-

122 1412 231 1457 cc'tatlbus
248 1413 273 1458 iu
287 1401 461 1472 qulbus'fcctue
475 1422 535 1460 scat.
543 1414 658 1474 plurimae
671 1414 767 1460 uirtutes
779 1414 841 1472 eirca·
851 1414 920 1459 etiam
931 1415 1005 1473 magis

122 1498 256 1529 nervoseac
270 1484 422 1553 determinate
434 1486 458 1531 in
470 1500 562 1544 graeco,
575 1501 627 1532 oum
640 1489 740 1546 ponatur
753 1485 863 1531 articulus
877 1492 897 1532 at
911 1492 1004 1544 πλεῖσται

110 1559 214 1612 ,δυνάμεις
225 1556 240 1601 i.
253 1571 271 1600 e.
285 1558 399 1604 miracula·
408 1562 430 1603 et
442 1557 508 1616 signa
518 1572 578 1617 quae
588 1572 670 1603 revera
681 1557 726 1602 sint
738 1557 876 1603 documenta
888 1558 1003 1617 potentiae
1036 1616 1041 1619 ⁷.

123 1627 219 1672 divinae·
230 1626 339 1686 insignia,
356 1630 413 1690 quia
428 1645 475 1674 aon
492 1628 589 1689 epissent
601 1629 768 1691 poenitentium
782 1629 817 1687 (cf.
834 1627 904 1688 alr).
915 1628 1002 1673 Doctri-

122 1713 177 1743 nam
191 1714 256 1745 suam
270 1703 293 1745 et
305 1696 488 1747 exhortationem
498 1715 551 1746 vere
563 1715 577 1746 a
591 1704 634 1746 Deo
647 1700 763 1761 proticisci
776 1703 798 1744 et
810 1700 904 1745 nomine
915 1703 937 1745 et
950 1715 1002 1745 auc·
1064 1702 1066 1705 ’

122 1772 214 1815 torItate
225 1771 264 1817 Dei
274 1787 288 1817 a
299 1786 322 1818 se
335 1772 440 1833 praecipi
450 1770 616 1833 poenitentiam
628 1771 734 1831 plurimis
746 1771 861 1832 probabat
872 1771 1000 1826 miraculis;

123 1856 149 1886 eo
162 1842 234 1900 igitur
246 1843 391 1903 probationis
405 1858 489 1902 genere
500 1858 545 1904 quo
560 1843 635 1903 quivis
649 1843 718 1888 homo
729 1842 855 1888 dummodo
870 1842 925 1887 velit
937 1842 1003 1887 facil-

121 1902 180 1958 lime¹
193 1915 335 1960 convincitur
348 1931 398 1960 rem
412 1931 426 1960 a
439 1919 485 1960 Deo
495 1914 595 1974 disponi.
606 1916 634 1959 At
646 1915 725 1959 omnia
737 1929 779 1973 pro
789 1913 822 1960 iis,
831 1914 916 1959 frustra
928 1917 1000 1959 erant.

95 2022 97 2026 .
121 1985 183 2030 Unde
196 1986 299 2030 oratione
314 1986 427 2031 concitata
442 1987 504 2046 ipsas
518 1984 643 2045 alloquitur
652 1985 732 2039 urbes;
746 1985 775 2029 ad
786 1999 823 2029 res
838 1982 914 2030 antem
923 1986 1000 2030 inani-

122 2059 195 2102 matas
211 2071 340 2102 sermonem
356 2060 489 2102 convertere
508 2057 580 2101 animi
600 2058 632 2102 est
651 2055 770 2100 affectibus
786 2056 934 2100 vehementer
952 2056 1001 2115 agi-

121 2126 174 2183 tati;
189 2143 211 2173 v.
225 2127 256 2173 aa
266 2143 308 2173 coe
318 2128 360 2173 tibi
375 2129 496 2185 Gorozcc'n,
507 2142 549 2173 cue
564 2126 606 2172 tibi
614 2126 747 2183 Bethsaida,
760 2127 805 2172 duo
814 2130 866 2172 sunt
876 2126 961 2186 oppida
972 2127 1002 2173 ad

121 2200 197 2245 lacum
209 2201 365 2245 Gennesareth
379 2199 444 2245 hand
459 2200 529 2258 longe
544 2199 738 2258 aCapharnaum.
751 2200 842 2243 Praeter
850 2200 956 2256 Χοραζείν,
968 2199 1000 2245 ut‘

120 2272 226 2330 plerique
243 2271 332 2315 codices
349 2270 446 2325 habent‚·
458 2271 527 2316 etiam
545 2272 631 2329 Χοραζίν
649 2273 671 2314 et
686 2272 783 2331 Χοραζαΐν
800 2270 920 2329 reperitur.
937 2272 1001 2314 Forte

119 2356 204 2387 nomen
216 2344 330 2387 servatum
340 2345 373 2387 est
383 2342 408 2387 in
417 2341 490 2395 ruinis
503 2343 586 2386 Keraze
598 2340 635 2400 (cf.
647 2330 910 2399 necabar-naeueth,
921 2341 1000 2387 Palae-

119 2414 178 2459 stina
188 2412 236 2458 und
249 2413 329 2471 Syrien
340 2417 361 2458 5.
372 2412 401 2458 ed
412 2427 435 2474 p.
448 2411 514 2472 28t);
526 2410 647 2456 Bethsaida
657 2413 705 2456 erat
717 2411 793 2471 patria
803 2412 872 2466 Petri,
884 2412 999 2466 Andreae,

120 2484 220 2545 Philippi
231 2485 301 2545 (Ioan.
313 2484 383 2544 1,tt).
396 2483 524 2545 Opinantur
534 2482 654 2544 oppidum,
667 2482 731 2528 cuius
740 2496 826 2528 nomen
836 2482 950 2541 significat
960 2484 1000 2529 do-

120 2570 184 2600 mum
194 2555 336 2616 piscationis,
351 2555 385 2607 ibi
399 2555 468 2601 situm
483 2556 559 2611 fuisse,
573 2554 615 2612 nbi
629 2554 698 2598 hodie
709 2554 771 2598 Chan
780 2554 852 2613 ltlinye
863 2557 895 2599 est
909 2554 1001 2614 (Boas.-

119 2626 189 2673 noca.
201 2626 216 2673 l.
227 2642 246 2670 c.
258 2642 281 2686 p.
294 2626 355 2685 283).
878 2619 879 2622 ¹

82 2687 84 2691 ’
150 2698 209 2744 Illud
223 2712 263 2742 coe
279 2696 305 2743 in
320 2711 360 2743 ore
374 2702 426 2743 Iesu
442 2697 482 2757 qui
493 2700 587 2742 venerat
603 2702 628 2742 ut
643 2699 764 2756 ¹quaereret
779 2699 801 2740 et
815 2696 902 2741 salvum
914 2698 1001 2742 faceret

121 2770 183 2830 quod
195 2769 303 2830 perierat,
315 2771 348 2813 est
362 2768 525 2826 gravissimum
538 2771 560 2813 et
575 2770 661 2812 terrore
675 2767 777 2826 plenum.
790 2765 835 2811 Sed
847 2766 929 2812 merito
941 2767 1002 2813 illud

119 2842 143 2886 iu
157 2841 264 2886 homines
276 2840 329 2886 illos
340 2839 440 2900 proferri
453 2838 551 2884 ostendit
566 2836 738 2899 comparatione
751 2836 856 2883 instituta
866 2853 919 2884 cum
927 2840 1001 2886 Phoe-

119 2912 209 2958 nicibus
223 2927 321 2971 quorum
337 2926 412 2957 mores
426 2909 609 2970 corruptissimos
622 2909 693 2954 fuisse
707 2923 776 2954 nemo
789 2908 897 2968 ignorat:
910 2911 966 2971 quia
981 2910 1002 2955 si

103 3012 104 3020 ,
120 2984 145 3029 ta
157 2985 216 3043 Tyro
230 2991 253 3030 et
262 2983 357 3042 Sidone,
367 2984 392 3028 in
405 2983 501 3029 urbibus
514 2980 652 3042 praecipuis
664 2981 689 3025 in
703 2980 786 3041 quibus
797 2981 889 3027 divitiae
902 2985 924 3027 et
935 2982 1001 3027 luxu-

102 3056 164 3111 (ries
181 3054 279 3100 maxime
292 3056 451 3111 abundabant,
460 3054 540 3114 factae
553 3060 625 3099 esseut
637 3052 731 3098 virtutes
746 3056 893 3114 quaefactae
907 3061 960 3099 sacal
976 3053 1000 3096 ln

119 3127 189 3182 cobis,
208 3126 272 3180 olim,
289 3130 352 3172 πάλαι
368 3128 383 3171 i.
403 3144 422 3172 o.
440 3127 488 3173 iam
505 3126 592 3173 dudum
608 3125 707 3172 veliam
724 3126 824 3186 pridem,
841 3125 866 3170 irc
884 3123 958 3169 cilicio
978 3130 1000 3167 ct

94 3196 104 3261 J
120 3199 194 3255 cluere
210 3198 308 3259 epissent
319 3198 505 3257 postulantium!
516 3201 602 3251 Quanta
619 3212 660 3259 pro
673 3198 761 3258 populo
775 3198 846 3242 electo
858 3192 996 3253 ignominia!
1068 3256 1070 3262 y
