2211 3575
399 282 473 316 narru-
490 273 509 320 l,
527 272 595 312 ra-aa
737 286 740 290 “
898 276 936 315 ale

60 377 111 418 Bar.
118 375 170 430 Lep.
182 373 224 415 Ta.
233 372 306 426 Lamp,
314 372 401 426 Beirclrl,
414 372 489 414 Grauia
499 372 525 427 (ll
532 386 553 427 p.
563 373 617 426 582),
628 372 725 429 Coruelp,
733 375 840 426 rtlercater,
849 377 936 420 Filliou.

60 446 113 484 Rem
120 442 166 483 soil.
177 440 282 481 succincte
290 440 369 480 narrari
377 439 431 492 apud
439 439 575 488 hetthaeum,
585 440 710 492 explicatius
716 442 773 494 apud
782 444 871 494 Lucam;
880 445 937 498 apud

60 512 173 560 utrumque
183 506 253 558 aliqua
262 505 339 554 omitti,
353 505 393 545 alia
403 505 490 552 narrari,
503 516 557 555 quaa
566 506 639 545 tamen
650 505 710 545 facile
722 506 746 546 in
755 519 821 548 unam
830 511 936 552 narratio-

60 586 109 615 nem
118 574 222 625 integram
231 571 316 612 conflari
326 567 495 625 possint'htque
507 569 536 608 ita
546 569 606 620 iungi
616 569 701 619 dehere,
712 583 761 611 cum
774 573 821 612 fieri
835 579 935 626 nequeat,
948 573 949 576 ’

60 643 84 681 ut
94 640 122 680 tis
134 638 211 698 relictis
222 638 319 678 omnihus
332 634 398 676 secuti
409 634 452 682 sint
461 633 583 674 Dominum.
594 636 617 674 ln
629 646 693 686 quam
703 647 749 676 rem
758 628 812 691 Lup.
826 651 832 678 ;
844 655 853 676 α
866 637 936 692 neque

61 705 176 746 verisimile
187 707 219 744 est
230 715 265 744 eos
276 702 343 743 semel
355 700 417 752 plane
427 700 534 752 pleneque
545 703 629 741 vocatos
641 703 662 740 et
674 701 782 743 Christum
795 709 880 746 secutos
890 719 937 747 rur-

60 772 144 812 sumab
155 782 180 810 eo
189 768 292 810 deiecisse
302 770 323 806 et
334 766 394 818 quasi
405 764 540 817 apostatasse,
553 768 577 805 ut
586 766 648 806 tertio
660 767 717 819 apud
727 769 806 819 Lucam
816 762 888 811 vocari
901 772 937 811 de·

60 837 146 891 buerint
156 850 174 874 υ.
183 834 261 874 Ohiieit
271 832 359 884 quidem
369 829 411 871 Coi.
423 843 466 871 non
475 830 515 871 dici
524 831 602 871 relictis
611 831 711 884 oneribus,
722 825 839 875 sedsolum
849 837 936 889 retitur,¹

40 910 44 916 '
60 901 150 956 proinde
160 899 216 952 apud
230 900 309 939 Lucam
322 897 411 937 demum
422 897 503 943 ¹relictis
519 897 619 938 omnihus
634 909 669 939 eos
684 899 748 949 plene
762 900 884 953 adhaesisse
898 905 936 944 Do-

61 968 126 1009 mino.
137 967 163 1007 At
172 963 246 1006 dubito
253 965 349 1005 valeatne
360 963 478 1016 explicatio.
489 963 585 1003 invitatio
596 963 629 1004 vel
637 965 728 1005 monitio
737 966 813 1007 Christi
822 967 845 1007 ιἰι
855 968 937 1010 traicer-

60 1047 106 1073 sum
114 1032 229 1087 protertur3
241 1031 260 1071 si
268 1030 346 1071 retium
357 1029 437 1070 mentio
448 1029 477 1078 ur,
489 1029 510 1069 id
520 1041 545 1068 er
554 1041 576 1069 re
586 1030 632 1082 ipsa
643 1030 761 1083 explicatur
771 1045 821 1073 cum
831 1034 853 1074 in
862 1035 893 1075 eis
904 1048 936 1077 es-

61 1101 108 1139 sent
122 1097 229 1150 occupati;
245 1108 314 1148 neque
328 1099 401 1135 tamen
410 1089 503 1154 intelligi
516 1095 563 1134 sola
576 1095 629 1134 retia
644 1107 690 1136 esse
706 1097 781 1137 relicta
797 1100 895 1151 sequitur
911 1115 936 1143 er

61 1178 80 1205 v.
90 1166 123 1204 λλ,
133 1162 172 1210 Qui
182 1162 208 1202 ad
218 1162 263 1201 sola
273 1160 326 1201 retia
337 1171 382 1199 rem
394 1159 494 1209 referunt,
505 1159 576 1211 potius
586 1159 701 1201 ridiculum
710 1161 763 1202 illud
776 1167 893 1206 consectari
905 1168 935 1206 vi-

61 1230 143 1277 dentur,
156 1239 191 1268 eos
204 1226 287 1267 nonita
297 1228 379 1266 secutos
393 1226 470 1272 Iesum,
481 1229 505 1265 ut
517 1224 570 1273 retia
582 1237 654 1266 secum
664 1229 802 1279 asportarent.
813 1231 872 1271 idem
883 1245 935 1284 quo-

22 1290 25 1296 ’
61 1307 101 1348 que
112 1295 153 1335 dici
164 1295 313 1346 potesteontra
323 1290 403 1342 eosqui
413 1291 463 1330 Luc.
475 1291 508 1340 5,ί
519 1301 563 1342 seq.
572 1290 659 1331 alteram
671 1293 756 1345 etapud
767 1294 838 1335 ilatth.
851 1297 936 1337 tertiam

57 1361 193 1401 uocationem
203 1361 305 1398 statuunt.

85 1425 142 1467 Varii
157 1423 216 1464 modi
232 1423 361 1464 narrationes
378 1422 433 1462 inter
449 1433 472 1462 se
486 1421 613 1462 conciliandi
630 1423 734 1475 propositi
752 1429 809 1466 sunt.
826 1427 883 1468 luter
901 1441 937 1470 eos

61 1491 222 1533 commendatur
230 1489 307 1536 modus
317 1500 357 1540 quo
369 1488 391 1527 in
402 1487 477 1527 eodem
488 1490 566 1527 eventu
576 1488 617 1528 alia
627 1488 653 1528 ab
666 1489 732 1529 altero
743 1495 848 1542 enarrata,
860 1494 902 1534 alia
911 1496 936 1535 ab

60 1559 125 1598 altero
136 1556 214 1596 omissa
225 1555 329 1603 dicuntur,
340 1554 369 1594 ita
378 1555 402 1593 ut
412 1565 437 1593 ex
450 1552 529 1604 duplici
537 1554 657 1594 narratione
667 1554 732 1595 series
744 1558 850 1608 quaedam
860 1561 936 1600 efficia·

61 1628 94 1664 tur
107 1625 223 1663 eventuum
234 1620 261 1660 ad
274 1631 340 1660 unum
354 1618 534 1670 eonvergentium,
547 1618 591 1658 scil.
603 1619 630 1658 ad
643 1621 751 1671 sequelam
764 1623 857 1663 Domini.
868 1625 936 1672 Quum

61 1689 148 1729 modum
157 1687 213 1727 laras.
226 1686 322 1738 sequitur
331 1685 401 1737 priore
412 1684 457 1724 loeo
468 1686 490 1723 et
499 1683 549 1724 Bor.
561 1684 653 1736 praefert
664 1697 669 1724 ι
681 1701 690 1721 α
701 1687 796 1738 primum
805 1690 887 1730 vocavit
896 1692 935 1731 De-

61 1755 131 1795 minus
141 1755 229 1793 Petrum
242 1754 263 1791 et
272 1751 389 1798 Andreanr;
401 1749 478 1789 deinde
487 1749 585 1789 iacobum
596 1753 617 1790 et
628 1750 736 1801 Ioannem,
748 1756 773 1792 ut
784 1752 872 1795 narrant
882 1758 936 1797 ilat-

61 1820 135 1860 thaeus
146 1822 166 1859 et
177 1819 268 1866 Marciis3
281 1815 367 1869 interim
377 1815 430 1854 socii
439 1815 554 1867 piscatores
565 1815 600 1867 qui
611 1815 633 1854 in
643 1816 725 1867 cymbis
739 1829 813 1858 eorum
827 1832 936 1862 remanse-

61 1888 108 1926 rant
118 1883 278 1930 descenderunt,
290 1884 315 1922 ut
325 1881 354 1921 ait
364 1882 436 1929 Lucas,
448 1880 550 1933 acymhis
561 1883 582 1921 et
590 1881 690 1921 lavabant
699 1883 753 1923 retia
765 1899 774 1920 υ
787 1887 825 1925 etc.
839 1886 937 1928 Dicamus

61 1952 105 1990 ita:
117 1949 233 1990 Matthaeus
247 1951 268 1988 et
276 1949 357 1987 llarcus
368 1948 454 1986 narrant
467 1945 534 1998 ipsam
546 1947 689 1996 vocatiouem;
703 1948 768 1989 Lucas
781 1953 853 1990 autent
865 1956 937 1994 narrat

62 2015 186 2056 miraculum
196 2009 260 2066 'quod
275 2013 389 2065 praecessit
404 2014 424 2051 et
438 2023 479 2063 quo
494 2011 611 2064 praeparati
625 2015 674 2052 sunt
687 2013 713 2052 ad
726 2015 773 2055 lesu
786 2015 936 2059 invitationem
961 2022 963 2025 “
998 2032 1006 2035 ··

61 2084 158 2134 prompte
169 2079 347 2131 amplectendam
357 2077 490 2118 vocationem
497 2077 594 2129 explicite
601 2089 645 2117 non
655 2081 735 2129 narrat;
746 2091 793 2120 eam
804 2081 881 2123 factam
889 2096 936 2125 esse

62 2147 111 2187 satis
121 2147 167 2199 ipse
178 2156 265 2197 quoque
276 2143 368 2184 declarat
377 2142 448 2183 dicens
459 2154 495 2182 eos
506 2142 584 2191 relictis
594 2144 694 2200 omnihus
706 2156 751 2185 esse
762 2152 854 2187 secutos,

91 2357 215 2413 Tamquam
225 2351 336 2396 maximus
348 2350 513 2412 prophetarum
526 2350 663 2395 describitur
674 2354 735 2397 lesus
749 2355 869 2413 proposita
880 2358 935 2402 doc-

62 2424 121 2470 trina
133 2440 183 2484 cap.
199 2427 238 2468 5-'i
251 2426 273 2467 et
283 2425 387 2467 enarrato
398 2421 460 2465 omni
474 2436 559 2479 genere
573 2422 739 2467 miraculorum
749 2439 800 2485 cap.
812 2429 860 2470 8-9.
871 2431 936 2473 Tam.

62 2511 132 2554 quam
145 2495 213 2541 huius
227 2495 297 2555 partis
312 2494 456 2554 prooemium
468 2493 502 2537 vel
514 2493 578 2553 quasi
587 2494 748 2554 compendium
764 2501 803 2541 aut
816 2497 937 2560 inscriptio

62 2566 203 2612 considerari
213 2569 306 2625 possunt
316 2581 337 2610 v.
350 2569 427 2610 23-25.

87 2700 486 2743 l,23.EtcircuibatlesustotamGalilaeam
532 2700 580 2741 isti.
594 2697 625 2732 Καὶ
641 2700 718 2745 περιῆγεν
734 2698 751 2734 ἐν
768 2699 800 2746 ap
816 2706 836 2747 τῇ
857 2702 937 2752 Γαλιλαίᾳ

64 2760 131 2794 docens
140 2763 159 2793 in
167 2759 268 2810 synagogis
279 2767 343 2793 eorum
351 2759 486 2801 etpraedi'oans
507 2757 587 2792 διδάσκων
606 2757 623 2792 ἐν
644 2757 679 2797 παῖς
706 2760 812 2807 συναγωγαῖς
835 2760 889 2797 αὐτῶν
910 2765 939 2799 καὶ

64 2821 180 2863 evangelium
190 2820 243 2862 regui
254 2823 272 2853 et
283 2827 351 2852 sanans
364 2811 437 2852 ornnem
446 2819 485 2851 ‘lan-
508 2815 591 2863 κηρύσσων
610 2815 629 2850 τὸ
642 2815 739 2864 εὐαγγέλιον
757 2820 786 2866 τῇς
804 2819 889 2865 βασιλείας
905 2824 936 2859 καὶ

64 2888 140 2919 girorem
156 2880 174 2913 et
190 2888 264 2913 omnem
278 2877 403 2911 infirmitatem
419 2878 437 2910 in
452 2886 486 2919 po·
508 2874 599 2921 θεραπεύοι
612 2877 666 2912 πᾶσαν
680 2877 729 2912 νόσον
743 2878 771 2913 καὶ
784 2880 838 2915 πᾶσαν
853 2882 938 2928 μαλακίαν

65 2938 114 2977 prado.
127 2938 155 2972 24.
170 2933 193 2971 ul
207 2938 252 2971 abiit
266 2939 329 2980 opinio
344 2938 383 2971 eius
396 2939 415 2970 in
428 2938 486 2970 totam
508 2933 524 2968 ἐν
537 2937 561 2981 τῷ
577 2934 619 2983 λαῷ.
634 2938 663 2973 il.
677 2937 706 2972 καί
721 2937 795 2982 ἀπῆλθεν
809 2939 819 2984 ἡ
833 2939 874 2985 ἀαυὴ
888 2942 938 2979 αὐτοῦ

67 2995 137 3037 Syriam
147 3000 165 3031 et
175 2997 281 3031 obtulerunt
291 2998 308 3031 ei
318 3006 383 3031 omncs
392 2998 440 3031 male
453 2997 486 3030 lia·
509 2993 530 3035 εἰς
554 2988 595 3040 ὅλην
620 2995 650 3040 τὴν
678 2997 744 3044 Συρίαν,
771 2999 799 3034 καί
823 3001 938 3051 προσήνεγκαν

65 3054 135 3099 laertes,
150 3058 205 3091 variis
221 3057 343 3098 languoribus
358 3060 377 3091 et
391 3058 487 3091 tormentis
509 3053 553 3102 αὐτῷ
568 3055 629 3097 πάντας
647 3057 683 3098 τοὺς
703 3061 756 3099 κακῶς
772 3058 840 3102 ’ἔχοντας
856 3063 939 3106 ποικίλαις

66 3118 208 3158 cornpreheusos
217 3119 235 3149 ct
245 3117 276 3159 qui
287 3117 385 3151 daemonia
395 3118 487 3151 habebant
509 3116 561 3156 νόσοις
580 3116 700 3163 vai-paam
717 3121 842 3166 συνεχομένους,
861 3122 937 3170 δαίμονι·-

66 3176 84 3205 et
102 3175 192 3211 lunaticos
213 3180 231 3210 et
249 3176 359 3218 paralyticos
378 3179 397 3211 ct
417 3179 488 3212 curavit
509 3177 586 3224 ζομὲνυυς
610 3177 638 3212 παὶ
661 3177 809 3226 αςληυναζόμέυους
834 3180 862 3217 καὶ
886 3195 937 3229 παρα,

67 3236 106 3273 υοες
119 3234 487 3272 25.etsecutaesunteumturhaemul-
509 3235 589 3280 λυτικυίς,
603 3237 630 3272 καὶ
649 3236 754 3286 ἐθεράπευσεν
775 3238 837 3278 αὐτούς,
860 3242 888 3275 25.
910 3248 937 3278 aar
