2211 3575
448 226 527 279 aaran
540 215 571 265 lt),
589 202 660 256 ld-ll.
800 212 802 215 ’
960 217 998 257 tat

112 329 200 370 serpens
215 307 236 359 et
250 319 311 360 vultu
327 318 436 362 blandiore
453 319 552 360 accedere
568 319 589 358 ot
602 317 665 358 modo
682 317 777 359 suasorio
795 316 853 370 loqui
870 328 912 369 quo
927 329 939 358 a
953 317 996 356 Deo

112 384 227 425 abduceret
244 387 264 426 et
278 386 410 439 manciparet
423 388 521 437 peccato,
535 384 564 424 ita
577 396 615 424 nos
631 395 717 436 quoque
732 384 843 425 etfaciam
857 386 878 424 et
891 393 962 423 mores
974 384 998 422 ‘et

110 452 195 502 tempus
209 462 345 492 assumamus
359 454 380 492 et
393 451 492 491 omnibus
505 450 575 490 modis
587 449 854 500 sermones-disponamus,
869 452 892 490 ut
902 449 995 489 abduca-

110 526 158 555 mus
169 527 207 555 nos
217 529 229 556 a
238 516 331 568 peccatis
343 518 363 556 et
372 515 399 555 ad
409 517 478 557 Deum
491 514 617 553 reducamus
629 529 638 550 a
651 512 682 564 (S.
696 512 787 552 Basilina
798 514 813 553 l.
825 514 852 566 o.)
864 517 885 554 et
896 513 917 554 S.
932 513 976 554 Hit.
990 526 996 553 :

112 594 122 616 o
134 581 231 621 animum
243 592 304 621 sexus
314 579 419 635 mollioris
430 590 531 631 aggresus
542 580 580 625 est,
590 590 627 630 spe
634 578 710 627 illexit,
721 579 897 619 communionem
908 579 995 619 immor-

111 644 199 686 talitatis
213 646 329 699 spopondit
343 648 365 689 et
377 657 417 698 per
429 645 483 685 haec
496 647 554 685 tanta
567 644 663 696 praemia
677 657 731 697 opus
747 645 830 685 consilii
845 647 866 685 ot
881 645 996 685 voluntatis

112 723 163 752 suae
173 713 248 764 gessit3
260 713 306 765 pari
317 713 382 765 igitur
389 710 548 764 opportunitate
556 711 670 751 verborum
679 710 793 763 prudentia
803 711 925 752 adhibenda
933 713 964 751 est
976 726 994 749 n.

111 778 135 816 ln
146 778 245 819 columba
255 780 327 818 autem
336 777 425 818 laudant
435 772 531 828 studium
541 775 616 816 nitoris
628 778 649 816 et
658 776 762 828 puritatis
771 778 792 816 et
801 776 859 828 quod
869 775 924 817 nulli
935 777 996 817 dolos

112 845 179 883 struat
193 846 230 886 aut
244 843 359 883 insidietur
372 854 411 883 neo
426 853 472 883 sese
488 844 581 894 opponat
595 844 632 882 aut
647 842 774 894 insequatur
790 853 826 881 eos
840 842 877 893 qui
890 843 959 894 pullos
976 843 996 881 ei

111 908 228 960 abripiunt,
237 908 352 950 seddenuo
360 908 387 949 ad
394 919 432 949 eos.
437 908 524 948 accedat
530 907 592 960 quasi
600 907 653 947 nihil
661 908 711 948 mali
720 907 825 960 suspicata
837 905 911 960 (Eutlt.
919 906 995 960 Ietas).

108 973 134 1013 in
147 986 171 1014 ea
184 974 250 1027 igitur
263 964 348 1015 animus
362 974 465 1025 sincerus,
477 973 587 1022 candidus,
600 973 682 1014 alienus
696 974 722 1013 ab
736 973 796 1030 omni
811 973 889 1021 fraude,
906 973 996 1013 simula-

46 1091 49 1096 ·
110 1039 174 1089 tione,
190 1040 311 1090 fallacitate,
327 1039 474 1093 suspicionem
488 1039 611 1088 abhorrens
625 1039 708 1091 integer
721 1051 745 1080 ao
759 1040 850 1091 simplen
863 1039 994 1091 depingitur.

112 1106 229 1157 Utrumque
241 1117 324 1145 summo
335 1106 401 1157 gradu
414 1105 552 1145 coniunctum
562 1105 670 1145 cernimus
681 1105 703 1143 in
713 1104 764 1155 ipso
775 1104 865 1153 Gliristu
879 1116 929 1145 curn
939 1117 959 1145 v,
972 1117 991 1156 g.

110 1164 213 1210 insidiose
230 1170 387 1210 sciscitantibus
404 1170 495 1221 liceatne
514 1169 620 1209 tributum
640 1169 690 1209 dare
707 1169 790 1209 Caesari
808 1170 924 1221 respondet
942 1172 993 1218 eto.;

112 1236 209 1287 exempla
221 1247 305 1287 quoque
315 1236 399 1287 egregia
408 1235 431 1274 in
440 1233 484 1275 vita
494 1234 515 1274 S.
525 1234 584 1274 Pauli
594 1233 794 1286 deprehenduntur;
808 1249 818 1271 «
829 1235 903 1286 anguis
914 1235 995 1275 artibus

102 1298 163 1340 'usus
174 1302 211 1349 est,
224 1301 259 1341 ubi
271 1312 310 1352 per
323 1293 417 1353 sportam
427 1312 438 1340 e
450 1300 549 1340 Damasci
561 1293 676 1340 moenibus
688 1300 795 1339 demissus
807 1302 840 1340 est
852 1299 947 1340 hostium
962 1313 995 1340 en-

111 1365 265 1417 speotationem
276 1358 357 1416 fallens,
367 1365 405 1405 ubi
419 1368 494 1418 captus
508 1365 644 1418 lerosolymis
658 1360 794 1416 pharisaeum
806 1377 828 1406 se
839 1376 886 1405 esse
900 1365 959 1414 dixit,
971 1368 1009 1405 ut·
1045 1396 1048 1401 .

111 1431 225 1471 dissidium
232 1420 288 1471 inter
295 1431 385 1473 Iudaeos
394 1432 437 1484 vim
446 1431 524 1471 inlerre
534 1430 575 1470 sibi
585 1433 670 1482 paratos
679 1433 766 1478 sereret,
777 1431 814 1471 ubi
824 1431 995 1483 denique-eirem

111 1508 225 1537 romanum
239 1508 260 1537 se
275 1509 320 1537 esse
334 1499 423 1537 testatus
437 1499 475 1543 est,
489 1499 514 1536 ut
527 1487 665 1536 inimicorum
679 1487 768 1536 iniurias
782 1497 868 1547 ritaret;
885 1497 995 1537 columbae

112 1572 161 1601 vero
170 1561 330 1613 simplicitatem
338 1562 384 1601 tota
394 1560 454 1601 Pauli
463 1561 507 1600 vita
515 1560 567 1612 prae
578 1572 601 1599 se
611 1560 658 1607 fert,
669 1572 720 1601 aum
730 1554 919 1614 ubiqu'esimplex,
929 1564 994 1603 sinee-

110 1626 260 1684 rusphumilis,
270 1627 360 1677 patiens,
373 1625 489 1666 simultatis
502 1637 526 1665 ao
540 1621 687 1679 simulationis
698 1626 785 1677 ignarus
798 1627 863 1667 inerit
876 1644 885 1664 n
900 1626 992 1680 (Cala).

140 1748 217 1808 Sermo
224 1744 270 1789 iam
279 1744 426 1804 progreditur
434 1743 474 1803 (δὲ)
486 1743 515 1788 ad
523 1744 671 1802 particularia
681 1745 805 1804 quaedam,
814 1745 930 1804 inquibus
939 1762 994 1805 prn-

110 1815 993 1874 dentiaetsimplioitatemaximeopusestV.titubateaerterrtabborninibus,
1050 1860 1052 1863 .

109 1887 137 1931 iis
146 1888 247 1947 soilqui
257 1886 358 1931 veritatis
369 1891 391 1931 et
399 1886 466 1944 regni
476 1886 514 1931 Dei
524 1886 614 1930 inimici
622 1890 682 1942 sunt,
696 1888 735 1946 apri
749 1887 828 1946 itaque
839 1889 880 1932 sub
891 1889 995 1949 principe

110 1958 191 2002 mundi
204 1958 271 2002 huius
287 1958 401 2016 stipendia
416 1961 539 2002 merentur.
556 1960 625 2002 Caute
638 1957 711 2014 igitur
727 1959 868 2018 prospiciant
878 1960 962 2020 quibus
972 1967 994 2004 se

110 2030 212 2085 credant,
222 2033 287 2073 caute
296 2029 404 2073 studeant
411 2044 491 2073 eorum
498 2028 592 2073 insidias
600 2030 798 2088 etparseeutiones
809 2031 918 2086 devitare,
929 2036 994 2077 caute

110 2102 179 2145 etiam
199 2100 335 2157 advigilent,
354 2115 384 2145 nc
404 2114 483 2144 eorum
504 2089 583 2144 contra
603 2115 702 2158 regnum
724 2101 764 2145 llei
784 2102 994 2147 machinationibus

110 2172 220 2216 damnum
234 2172 338 2230 capiatur
353 2171 384 2231 (S.
404 2174 443 2215 Br.
462 2170 543 2230 Inita).
558 2175 585 2215 Et
598 2165 691 2216 additur
704 2173 763 2216 ratio
778 2174 875 2218 cavendi
888 2174 918 2217 ob
933 2176 995 2219 mala

110 2258 170 2302 quae
177 2243 291 2304 apostolos
300 2238 395 2301 propter
404 2242 599 2301 praedicationem
609 2246 711 2298 manent,
723 2258 780 2302 quae
788 2244 904 2301 gradatim
911 2246 995 2291 descri-

95 2315 96 2318 ’
109 2315 196 2358 buntur
207 2317 230 2358 et
239 2314 313 2373 prirno
326 2314 420 2372 quidem
431 2316 489 2372 (puae
501 2314 531 2357 eis
545 2328 558 2357 a
572 2313 660 2358 ludaeis
670 2314 799 2364 inferentur
810 2330 815 2361 :
828 2316 921 2360 tradent
932 2318 994 2362 enim

109 2401 147 2430 vos
159 2385 185 2430 t'n
196 2381 306 2441 conciliis,
323 2387 349 2438 εἰς
364 2384 461 2444 συνέδρια,
478 2384 507 2429 ad
522 2384 635 2443 synedria,
652 2385 682 2428 ad
694 2385 821 2431 tribunalia
836 2387 882 2433 soil.
898 2390 993 2447 quaein
1040 2410 1043 2418 ·

110 2456 202 2517 oppidis
215 2461 237 2501 et
250 2456 347 2501 urbibus
360 2456 463 2501 instituta
476 2459 534 2500 sunt.
548 2460 612 2511 Nam,
627 2459 698 2516 prout
711 2472 724 2501 a
736 2458 839 2502 rabbinis
852 2460 958 2514 traditur,
970 2461 994 2505 in
1012 2488 1019 2493 ι

109 2528 185 2589 parvis
196 2528 285 2587 oppidis
295 2528 398 2573 virorum
410 2532 506 2573 tao-230
519 2532 566 2572 tres
580 2528 780 2574 constituebantur
791 2529 887 2586 iudices,
904 2532 928 2575 in
943 2533 999 2577 aliis

108 2598 196 2645 iudices
212 2599 295 2656 viginti
312 2603 364 2655 tres,
380 2614 494 2645 summum
513 2603 588 2644 autem
605 2600 710 2644 tribunal
729 2604 778 2646 erat
796 2617 909 2660 magnum
929 2620 996 2662 synaa

110 2669 233 2716 driumin
253 2671 376 2715 ierusalem
393 2672 454 2730 quod
472 2671 558 2716 iudices
580 2672 749 2716 constituebant
767 2674 914 2733 septuaginta
934 2691 994 2719 unus

111 2743 163 2803 (Ed.
176 2747 194 2788 ll
206 2758 228 2802 p.
241 2742 302 2803 55t).
314 2745 339 2786 Et
349 2742 404 2802 quid
414 2743 469 2802 ipsis
478 2758 491 2787 a
499 2743 654 2788 tribunalibus
667 2744 804 2788 Iudaeorum
816 2746 993 2803 exspectandum

110 2815 138 2859 sit
151 2814 243 2862 additur
255 2823 276 2859 et
287 2816 311 2859 io
324 2814 451 2874 synagogis
464 2814 511 2858 sacis
522 2814 677 2873 flagellabunt
686 2828 739 2872 oos;
748 2815 773 2858 in
785 2817 911 2875 synagogis
924 2818 995 2862 iactas

110 2888 158 2930 esse'
167 2885 335 2941 flagellationes
349 2885 403 2933 vida
414 2889 462 2930 Act.
478 2889 556 2941 batth
568 2886 644 2940 2’6,11.
656 2889 704 2930 Duo
715 2900 802 2944 genera
812 2888 995 2946 flagellationum
1052 2927 1054 2931 ,

99 2960 164 3022 {sunt
174 2955 348 3014 distinguenda3
361 2959 457 3003 alterum
468 2958 590 3018 plagarum
603 2957 698 3015 triginta
709 2959 826 3021 novemlb
839 2963 889 3005 Cor.
906 2961 993 3020 arat),

100 3024 274 3088 Pquaepoanaa
287 3031 368 3088 quovis
375 3030 494 3085 tribunali,
507 3030 578 3075 immo
590 3030 609 3074 si
619 3030 725 3076 rabbinis
738 3032 796 3076 fides
806 3035 839 3077 est
852 3031 992 3084 adhibenda,

111 3114 124 3143 a
137 3098 217 3159 quovis
225 3099 312 3157 insigni
319 3100 377 3159 legis
386 3103 479 3147 doctore
488 3105 579 3163 poterat
588 3102 691 3162 imponi3
702 3103 801 3157 alterum
812 3119 884 3162 genus
895 3108 943 3149 erat
953 3104 994 3147 tla-

111 3171 204 3227 gallatia
219 3171 248 3216 ad
260 3175 356 3215 mortem
371 3174 582 3234 usqua(Wa'tasclre
595 3190 617 3234 p.
631 3175 697 3236 132)..
729 3187 730 3191 ’
780 3199 782 3202 ·
814 3190 818 3195 ’
