2239 3511
462 175 537 205 iiarrn.
553 165 573 211 θ,
590 166 623 204 ii.

252 301 265 347 ο)
275 300 402 336 sevenisse
413 301 443 335 ad
454 302 526 343 legem
537 300 703 343 adimplendam
712 300 812 347 mir-20.

117 405 165 447 5,st
177 403 239 437 Nolite
254 405 320 446 putare
331 404 420 445 quoniam
430 402 525 436 venisoi·
574 403 623 447 ari.
638 398 667 444 Μὴ
684 400 761 448 νομίσητε
777 400 803 435 ὅτι
818 396 870 444 ἦλθον
888 401 979 438 καταλῦσαι

91 465 207 506 uerelegem
218 463 251 496 aut
260 463 371 505 prophetam
384 471 423 495 non
431 463 477 497 veni
486 462 525 507 soi-
548 460 576 495 τὸν
590 461 641 508 νόμον
655 460 665 505 θ
678 460 715 501 τοθς
724 459 813 508 προρήπος·
824 459 854 494 ob.
863 456 916 505 ἦλθον
930 464 980 497 πατα-

92 531 135 558 vere
152 524 185 557 sed
204 522 310 565 adimplere.
331 521 358 555 18.
377 522 437 555 Amen
457 514 525 565 quippe
548 519 604 567 λῦσαι,
619 518 663 554 ἀλλὰ
676 519 769 567 πληρῶσαι.
786 522 812 556 18.
827 517 871 567 ἀμὴν
885 519 917 567 γὰρ
934 519 979 568 λέγω

94 584 134 623 dico
157 583 215 623 vobis,
232 582 291 615 donec
313 584 398 615 transeat
419 582 492 615 coelum
507 572 525 614 σθ
548 579 595 627 ὑμῖν,
610 580 640 621 ἕως
657 580 675 614 du
692 580 764 628 παρέλθῃ
778 579 786 613 ὁ
800 578 867 626 οὐρανὸς
881 579 931 624 καὶὴ
948 583 977 628 γῆ,

92 644 148 684 terra,
157 643 259 676 iotaunum
267 642 299 675 aut
306 650 355 674 unus
366 650 414 684 apex
424 650 462 674 non
469 648 525 683 prae-
549 639 589 676 ἰῶτα
597 639 642 687 7θνῆ
660 639 689 687 μία
705 640 762 687 repete
779 638 797 673 οὐ
814 638 836 686 μὴ
853 640 927 688 παρέλθῃ
945 640 978 676 aab

92 702 155 735 teribit
171 703 246 745 alege,
262 701 321 736 donec
340 702 404 735 omnia
424 700 476 735 fiant.
497 701 524 734 19.
548 703 577 735 τοῦ
595 702 653 747 vdpouy
671 699 701 741 ἕως
717 700 736 735 dv
754 700 808 735 πάντα
827 701 901 746 γένηται.
919 701 946 743 19.
961 701 979 741 θς

95 762 131 801 Qui
141 770 185 804 ergo
195 762 272 795 sciverit
279 769 339 801 unum
349 761 372 795 de
380 761 476 795 mandatis
485 761 526 794 istis
548 759 576 796 ἐὰν
589 757 618 797 οὖν
632 759 674 808 λθσῃ
685 760 724 808 μίαν
737 764 769 797 τῶν
783 758 854 795 ἐντολῶν
868 760 930 795 τοθτων
944 763 978 794 τῶν

94 822 176 854 minimis
188 824 206 855 et
223 822 306 855 docuerit
322 821 349 855 cic
365 820 525 861 homines,1nini-
548 821 641 869 ἐλαῃθοςωο
655 820 681 855 καὶ
694 819 748 868 διδάξῃ
761 820 812 861 οὕτως
825 819 861 861 τοὺς
875 819 976 866 ἀνθρώπους,

94 889 135 913 mus
150 880 245 914 vocabitur
260 882 279 912 in
295 887 354 922 regno
370 880 475 920 coeloriunJ
492 878 524 920 qui
547 879 635 926 ἐλάχιστος
653 873 754 924 ν’,λῃθήοεται
776 879 792 915 ἐν
811 882 831 927 τῇ
851 880 927 926 βασιλείᾳ
944 883 979 915 τῶν,

94 942 155 973 autem
173 939 238 973 iecerit
254 941 272 972 et
288 939 377 979 docuerit,
396 939 426 971 hio
445 946 524 979 magnus
546 938 627 987 οὐρανῶν
641 939 658 979 ὃς
670 939 717 974 δ’-θν
734 940 794 987 ποιήσῃ
808 938 835 974 καθ’
851 940 915 988 διδάξῃ,
930 936 977 980 οὗτος

94 999 191 1032 vocabitur
206 1000 225 1031 in
242 1008 300 1041 regno
317 998 422 1038 coelorum
439 998 467 1032 20.
482 997 523 1030 dioc
547 1000 596 1047 μέρος
614 998 716 1043 κληθήσεται
728 998 745 1034 ἐν
764 1001 785 1045 τῇ
801 999 877 1045 βασιλείῃ
893 1002 927 1034 τῶν
947 998 976 1033 οὒ.

30 1052 41 1088 .’
94 1058 213 1101 enimvobis,
225 1059 268 1100 quia
281 1059 319 1091 nisi
332 1057 456 1091 abundaverit
468 1057 529 1091 iusti,
546 1063 606 1106 ροοῶο,
620 1061 648 1095 20,
662 1058 706 1106 λέγω
718 1058 750 1106 γὰρ
766 1058 812 1105 opor,
826 1057 856 1094 ὅρι’
868 1058 895 1094 ἐὰν,
911 1057 932 1106 μὴ
946 1072 977 1094 πε.

95 1118 120 1150 tia
127 1120 190 1151 vestra
200 1118 242 1159 pius
251 1126 308 1159 quam
317 1117 422 1150 scribarum
432 1117 450 1149 σθ
458 1116 523 1158 phari·
546 1118 621 1167 ριοοςθσῃ
631 1117 676 1166 ὑμῶν
687 1118 697 1163 ὴ
707 1118 800 1163 δικαιοσύνῃ
810 1118 870 1154 πλεῖον
880 1122 913 1154 τῶν
921 1131 975 1166 γραμ-

94 1186 186 1218 saeorum,
196 1185 234 1210 non
248 1177 340 1210 intrabitis
354 1176 374 1208 iu
386 1184 466 1217 regnum
480 1184 523 1209 coe·
547 1176 612 1222 ρστέων
626 1174 654 1209 καθ
669 1175 766 1223 capacior,
781 1175 799 1209 σθ
816 1173 837 1221 μὴ
851 1173 937 1218 εἰσέλθητε
954 1173 975 1213 εἰς

94 1237 160 1270 lorum.
545 1231 575 1274 τὴν
588 1231 672 1278 βασιλείαν
685 1234 717 1266 τῶν
731 1230 811 1278 οὐρανῶν.

120 1351 141 1383 In
151 1360 168 1383 v.
183 1350 202 1383 17
213 1358 251 1382 non
260 1351 303 1383 veni
313 1349 387 1383 solvere
398 1348 453 1390 θσρσνπ
463 1349 499 1382 dub
510 1357 551 1382 corr
561 1350 598 1381 vat.
613 1355 655 1380 cum
668 1347 739 1389 ailquot
749 1347 833 1389 patribus
843 1347 922 1381 latete
932 1346 944 1378 h
955 1355 973 1388 q.

94 1413 114 1445 In
126 1421 143 1445 v.
159 1412 179 1444 ia
192 1411 228 1444 add
241 1410 260 1443 13
276 1409 308 1443 θθθ
321 1408 339 1442 ei
352 1416 393 1441 arm
405 1407 434 1440 sin
447 1406 483 1448 (br)
495 1406 513 1438 ir
524 1417 554 1438 τοι
565 1416 599 1439 πων
612 1415 708 1450 opertorum
721 1407 769 1439 rusb
780 1407 851 1440 omittit
860 1410 934 1450 quippe,
949 1409 976 1441 tol

93 1471 154 1505 omnic
162 1471 204 1503 istc.
216 1469 238 1502 in
247 1477 266 1502 ν.
279 1469 299 1502 td
310 1459 398 1501 omittunt
407 1475 435 1499 συν
444 1466 459 1499 L
469 1465 488 1498 ai
501 1473 533 1498 mu
543 1474 583 1499 arm
595 1465 635 1507 cyp
644 1464 693 1506 Loit,·
704 1474 738 1499 cau
748 1466 780 1508 pat
789 1474 840 1505 oero;
849 1466 881 1509 big·
888 1466 926 1500 dub
935 1467 976 1501 lind

93 1533 107 1565 it
116 1533 135 1575 pi
146 1533 177 1575 qut
186 1533 241 1574 σπίνω
252 1534 297 1566 rusb
305 1534 322 1566 st
333 1532 374 1574 qaus
385 1541 426 1574 erpo
431 1540 437 1572 ,·
448 1532 485 1566 ken
493 1531 557 1575 fecerit
568 1532 593 1565 sic
603 1535 619 1565 et
629 1531 670 1571 doc;
680 1531 725 1566 rusb
734 1531 748 1573 f.
759 1531 784 1564 sic
795 1535 810 1563 rt
821 1530 865 1571 doc„
875 1530 971 1563 circatores.

93 1592 113 1624 In
122 1593 137 1625 D
147 1592 198 1627 deest
208 1602 225 1626 v.
238 1592 269 1636 203
280 1592 384 1634 Lpraebet
395 1590 471 1634 πλῃονπς
483 1600 517 1625 cau
525 1593 595 1634 partter
606 1591 674 1625 omittit
683 1600 701 1623 v.
707 1600 711 1631 3
723 1591 764 1625 dico
779 1595 836 1623 σννίσνντ
848 1591 938 1632 praebent
949 1598 972 1632 eg

94 1654 120 1684 nrt
130 1653 160 1685 val
170 1652 232 1694 steph;
244 1653 309 1694 legunt
319 1653 340 1685 to
350 1640 404 1693 ν’σρνιο
415 1652 448 1693 big
457 1659 481 1693 eg
491 1650 519 1683 ior
529 1651 581 1692 med;
592 1652 621 1684 sin
632 1659 662 1683 orn
672 1648 778 1690 σσνθθσννννη,
791 1650 884 1682 corbonan.

122 1777 237 1817 Summani
251 1774 370 1817 doctrinae
385 1777 406 1816 et
420 1774 483 1830 leges
498 1773 618 1831 proposuit
632 1772 731 1816 Christus
745 1775 767 1815 σθ
781 1772 879 1816 ostendit
892 1772 972 1831 quales

91 1859 143 1888 suos
154 1859 200 1889 esse
211 1847 334 1902 oporteret.
349 1843 533 1903 Insequentibus
544 1846 620 1888 autem
633 1843 662 1886 ad
671 1843 818 1902 particularia
829 1842 971 1887 descendens

92 1916 157 1960 docet
167 1909 282 1975 quomodo
290 1915 318 1960 ad
329 1915 392 1959 illam
401 1914 567 1974 perfectionem
578 1913 634 1958 eniti
642 1914 747 1958 debeant.
761 1916 816 1957 Cum
825 1929 878 1957 vero
889 1928 971 1957 norma

91 1989 112 2029 et
125 1986 206 2044 regula
220 1987 279 2030 vitae
296 1986 386 2030 Iudaeis
397 1986 421 2029 in
434 1986 487 2043 lege
499 1989 555 2029 esset
565 1986 692 2045 proposita,
707 1986 775 2044 plane
792 1989 970 2029 consentaneum

27 2096 32 2107 .
90 2061 145 2113 eret,
158 2061 183 2102 ut
193 2072 219 2101 ea
226 2058 277 2115 lege
288 2057 353 2116 quasi
366 2058 423 2101 duce
432 2059 535 2102 uteretur
544 2051 573 2100 ad
582 2071 646 2101 suam
656 2056 785 2101 doctrinam
796 2056 967 2101 declarandam.

91 2132 162 2179 Quare
172 2128 201 2173 ab
215 2128 265 2187 ipsa
277 2130 329 2186 lege
343 2128 426 2188 incipit
440 2131 461 2172 et
474 2128 547 2187 priino
561 2128 656 2187 quidem
668 2129 761 2188 exponit
772 2142 829 2186 quae
842 2128 970 2172 intercedat

89 2200 145 2244 ratio
156 2200 216 2244 inter
223 2199 298 2258 legem
306 2204 328 2244 et
337 2214 401 2244 suam
410 2198 545 2255 doctrinam,
556 2199 616 2244 inter
627 2200 702 2257 legem
713 2203 734 2243 et
744 2213 841 2256 regnum
851 2199 969 2244 coelorum

89 2272 275 2331 appropinquans
290 2288 311 2317 v.
331 2276 359 2315 17
372 2271 445 2316 nolite
457 2279 538 2331 pitture
552 2271 663 2331 quereiam
677 2271 729 2316 cerri
741 2271 825 2315 coicere
840 2271 911 2331 tepent
924 2274 967 2315 etc.

89 2343 144 2386 Cum
160 2342 220 2386 dicat
236 2343 307 2387 notite
321 2350 412 2403 precare,
428 2342 563 2402 opinionem
575 2344 615 2388 vel
632 2343 824 2402 exspectationem
838 2346 933 2398 tangere
947 2346 969 2385 et

88 2414 203 2471 corrigere
219 2414 310 2458 videtur
323 2429 382 2472 quae
399 2415 446 2457 iam
460 2403 589 2472 incipiebat
606 2414 694 2458 animos
710 2414 836 2457 multorum
846 2404 976 2471 occupares

88 2484 113 2527 ld
127 2499 169 2528 usu
177 2485 288 2542 loquendi
299 2484 416 2528 suadetur.
432 2485 457 2528 Ei
471 2485 532 2527 enim
543 2484 579 2528 cui
590 2498 711 2543 nunquam
726 2484 753 2528 de
767 2473 845 2543 aliqua
854 2484 968 2528 sententio

86 2555 110 2599 in
127 2558 226 2600 mentem
242 2556 304 2599 venit
320 2569 387 2598 nemo
405 2554 464 2599 dicet
481 2554 530 2598 reoli
542 2563 635 2615 pictore.
653 2558 683 2599 Ea
699 2558 775 2601 autem
793 2555 868 2614 opinio
885 2555 968 2600 animis

70 2626 184 2684 *insidere
201 2629 292 2685 poterat
308 2641 334 2671 ex
351 2625 421 2670 variis
438 2620 516 2671 causis
534 2626 571 2671 vei
585 2626 685 2671 indiciis.
704 2628 803 2674 Christus
819 2629 881 2671 enim
899 2627 967 2673 dese

85 2700 198 2756 professus
211 2701 243 2741 est
260 2713 264 2742 :
285 2697 383 2758 Spiritus
398 2698 488 2742 Domini
502 2714 571 2758 super
587 2712 636 2752 nre3
653 2702 748 2759 propter
764 2698 826 2758 quod
842 2700 907 2743 uniit
920 2714 964 2754 me,

86 2769 244 2826 evangelizare
264 2769 325 2814 misit
346 2769 460 2830 metLuc.
481 2770 555 2828 i‚18)*;
574 2771 664 2816 locutus
684 2774 716 2815 est
732 2770 865 2831 parabolice
881 2771 910 2816 de
926 2786 967 2815 sua

85 2839 187 2884 doctrina
199 2840 264 2899 quasi
274 2841 301 2885 de
313 2842 366 2887 vino
380 2856 448 2897 novo,
464 2843 546 2886 nonin
556 2846 618 2888 utres
628 2845 724 2896 veteres,
740 2842 779 2886 sed
789 2843 813 2886 in
824 2857 897 2887 novos
911 2843 967 2887 mit-

84 2910 154 2955 tendo
172 2912 232 2969 (Luc.
252 2913 326 2972 537),
345 2916 451 2973 oportere
468 2914 531 2958 nasci
548 2914 631 2970 denuo,
648 2914 791 2972 regenerari,
812 2914 859 2959 iam
875 2914 965 2959 uenisse

83 2983 165 3027 horam
177 2982 267 3041 quando
279 2999 307 3028 ne
321 2986 345 3028 in
358 2986 481 3031 Ierusaiem
492 2987 586 3050 quidem
599 2986 718 3031 adoraturi
732 2986 776 3030 sint
791 2989 878 3031 Patrem
890 2987 963 3047 (loon.

83 3059 131 3108 3‚7;
149 3054 217 3111 θβθ).
236 3057 266 3097 Ex
279 3056 341 3099 hisce
357 3060 435 3100 autern
450 3057 516 3101 facite
531 3061 553 3101 et
567 3073 607 3102 sua
624 3061 702 3117 sponte
718 3059 868 3104 enascebatur
885 3058 964 3118 opinio

82 3124 123 3169 iila
137 3140 205 3185 quam
220 3124 342 3184 impugnat
355 3126 433 3172 <licens
447 3128 518 3172 nolite
529 3136 622 3187 coactare.
639 3126 801 3190 Accedit'quod
812 3130 859 3174 'ia-m
873 3131 964 3189 saepius
