2239 3511
53 298 57 307 κ
80 249 82 253 ⁴
104 254 143 296 0322
465 240 576 294 iturea-b,
592 246 625 284 ab}

104 348 156 391 bem
165 349 188 390 et
196 347 273 394 sedulo
283 345 555 407 qnaererequibusopem
562 347 637 391 ierant
644 346 707 408 (Bari.
716 347 772 391 nce.
781 345 814 405 pl.
824 346 872 390 ord.
883 345 951 403 Pasrl
960 347 982 403 .).

134 420 184 461 lam
188 418 293 475 generali
302 418 402 477 quadam
412 418 509 473 ratione,
521 417 555 463 uti
563 434 605 478 pro
614 419 657 463 hac
668 417 801 463 narratione
813 417 990 475 succinctaque

103 489 179 533 solum
189 488 308 548 sequentia
326 493 494 549 praeparentur
507 504 562 549 opus
578 492 618 544 est,
637 490 728 535 effeetus
743 487 880 534 describitur
892 487 994 556 praedi-¹

103 560 198 604 cationis
217 563 239 604 et
255 561 418 606 miraculorum
436 560 468 621 (S.
490 560 566 606 Tbom.
581 560 640 621 eat.)
654 578 676 607 v.
697 564 724 605 ab
738 567 760 605 et
774 558 832 605 abiit
842 560 918 620 opinio
931 556 982 603 'ciris

72 678 76 685 ,
103 633 173 688 abach
185 636 243 677 αὑτοῦ
254 632 345 677 auditus
356 632 385 677 de
396 647 431 688 eo,
443 633 505 678 tama
518 636 540 678 et
555 633 649 679 nuntius
665 633 693 678 de
706 648 740 687 eo,
755 632 779 676 αἰι
793 635 864 677 totam
879 630 979 691 Syriam,
990 622 993 634 ⁸

102 703 118 746 i.
131 718 150 747 e.
162 703 247 747 ineam
258 704 401 762 provinoiam
412 720 471 765 quae
484 721 497 750 a
508 705 616 750 Romanis
627 705 692 764 Syria
701 703 861 764 appellabatur
869 702 898 747 ad
912 717 981 762 quam

104 775 189 822 Iudaea
205 791 296 835 quoque
311 779 333 821 et
349 776 461 821 Phoenice
476 776 622 837 pertinebant
638 777 746 838 (Sebepq,
766 775 864 833 Sabaria,
887 773 980 834 Weiss);

56 845 58 849 ’
103 851 204 891 ceterum
215 846 240 890 in
250 848 315 904 Syria
330 848 396 892 multi
408 848 544 893 ludaeorum
556 848 697 903 incolebant,
707 847 840 907 praesertim
850 847 876 891 in
885 846 981 890 urbibus

102 917 236 973 maioribus,
248 920 358 974 Damasci,
373 919 507 963 Antiochiae
518 922 561 964 eto.
576 921 663 970 Quanta
674 919 719 962 fide
732 919 756 962 in
766 922 816 963 Iesu
823 918 950 978 potentiam
959 921 981 961 et

102 991 187 1047 quanta
204 990 352 1048 persuasione
372 990 419 1034 eius
435 989 582 1048 benignitatis
600 989 686 1034 fuerint
699 989 790 1042 imbuti,
811 990 939 1033 declaratur
960 1001 980 1032 cr

103 1059 233 1104 obiciebant
251 1060 273 1105 ei
289 1076 365 1106 onraes
384 1061 448 1108 male
460 1061 566 1106 babentes
582 1064 637 1116 eto.;
651 1069 771 1115 tornreata,
788 1064 883 1115 βασάνους
894 1065 914 1105 δὲ
924 1066 981 1117 λέγει

101 1133 137 1184 τας
152 1134 190 1177 ἀπὸ
203 1139 241 1178 τῶν
259 1136 320 1178 dour
339 1139 409 1187 ὀδύνας
421 1132 523 1193 (diceb),
535 1133 602 1193 proin
616 1134 692 1178 morbi
705 1133 822 1194 graviores
830 1147 856 1177 ac
866 1131 980 1176 molestio-

101 1216 137 1246 res
146 1202 308 1259 designantur,
324 1204 457 1249 obtulerunt
465 1204 486 1248 ei
496 1204 598 1249 obsessos
608 1219 621 1248 a
630 1204 732 1249 diabolo.
745 1206 835 1248 Frustra
841 1201 980 1248 recentiores

103 1273 198 1332 quidam
214 1278 366 1333 protestantes
382 1281 553 1332 δαιμονιζομένους
567 1275 612 1319 dioi
629 1275 770 1320 contendunt
787 1275 859 1319 solum
876 1289 902 1318 ex
917 1274 979 1331 vulgi

9 1358 11 1364 ·
37 1385 39 1387 .
103 1345 219 1404 opinione,
238 1347 324 1407 quippe
342 1362 387 1406 qua
402 1347 476 1392 omnis
496 1347 589 1392 morbus
604 1347 709 1391 insolitus
724 1351 746 1391 ot
766 1345 929 1398 vehementior,
946 1345 980 1389 uti

101 1416 203 1472 insania,
218 1417 332 1477 epilepsis,
348 1418 430 1473 rabies,
451 1414 610 1472 melancholia,
632 1417 756 1462 contractio
766 1410 939 1470 membrorum,
955 1431 979 1462 os

101 1489 190 1530 mutum
204 1488 294 1546 aliaque
305 1490 334 1533 ad
348 1489 484 1546 daemonem
496 1493 612 1534 auctorem
625 1492 647 1533 et
659 1489 785 1533 effectorem
795 1488 840 1532 sint
850 1489 929 1533 relata.
941 1487 978 1546 Ni-

100 1558 143 1601 mis
152 1558 213 1602 enim
221 1563 325 1617 apertum
336 1563 370 1606 est
379 1561 404 1604 in
413 1561 482 1605 sacris
491 1561 572 1604 litteris
582 1574 619 1605 eos
627 1559 727 1604 describi
734 1560 773 1619 qui
782 1575 834 1611 vere
844 1576 857 1604 a
868 1560 978 1603 daemone

100 1630 185 1674 obsessi
204 1633 257 1675 sunt
267 1646 350 1691 eosque
360 1631 389 1676 ab
403 1631 454 1676 aliis
471 1631 572 1689 aegrotis
587 1631 648 1676 olare
663 1631 782 1688 distingui.
801 1634 858 1676 Nam
875 1630 977 1675 Christus

49 1696 51 1698 ’
99 1700 148 1760 ipse
159 1701 198 1745 dat
205 1701 312 1760 apostolis
322 1704 454 1762 potestatem
463 1702 570 1747 eiiciendi
579 1703 700 1749 daemones
708 1717 770 1761 quae
777 1717 790 1745 a
797 1705 909 1760 potestate
918 1716 978 1745 mor-

99 1771 141 1815 bos
154 1772 251 1816 sanandi
261 1773 410 1830 distinguitur
417 1774 494 1817 verbis
505 1773 617 1833 expressis
628 1772 698 1833 (10,8.
712 1776 777 1817 tlara.
788 1777 852 1827 3,15;
865 1776 928 1827 o,13;
940 1776 975 1827 16,

101 1842 149 1901 17),
165 1843 287 1887 daemones
300 1844 324 1888 in
335 1844 466 1889 hominibus
477 1845 606 1889 habitantes
619 1844 753 1904 loquuntur,
765 1844 903 1888 confitentur
915 1844 977 1887 Chri-

98 1917 165 1968 stum,
184 1918 266 1973 petunt
282 1915 311 1959 ab
329 1931 355 1959 eo
370 1931 399 1959 ne
413 1906 556 1974 expellantur
571 1919 593 1959 et
603 1916 704 1960 Christus
717 1914 870 1960 comminatur
884 1915 976 1975 spiritui

96 1985 226 2040 immundo,
236 1986 302 2030 docet
310 2001 383 2044 genus
390 1987 487 2031 hocnon
494 1986 545 2030 eiici
552 1987 596 2030 nisi
605 2002 645 2046 per
652 1987 779 2031 orationem
786 1988 807 2029 et
815 1986 943 2046 ieiunium(
958 1987 974 2031 i.

98 2060 150 2111 8,Ξὸ
161 2071 207 2116 seq.
218 2062 293 2112 1730.
302 2062 367 2103 Maro.
377 2062 438 2112 3‚11.
449 2062 500 2103 Luc.
512 2062 565 2113 aba
576 2057 638 2117 eto).
649 2059 712 2103 Idem
721 2057 861 2116 apertissime
871 2059 975 2117 sequitur

98 2143 124 2171 er
137 2128 164 2171 iis
178 2128 269 2186 quaein
283 2132 330 2172 Act.
345 2133 423 2184 16,18;
439 2133 504 2184 19,15
513 2131 644 2173 narrantur.
657 2132 730 2188 Atque
743 2129 844 2174 obsessos
856 2144 869 2173 a
882 2129 974 2173 diabolo

97 2198 205 2243 exstitisse
220 2203 242 2243 et
262 2199 369 2244 daemoni
380 2201 449 2245 talem
465 2203 598 2260 potestatem
615 2201 684 2245 etiam
698 2200 767 2244 hodic
783 2200 858 2245 adhuc
872 2202 974 2259 quando·
1021 2214 1023 2219 ’

98 2286 142 2331 que
156 2271 256 2326 concedi,
274 2272 341 2316 certis
359 2274 446 2316 constat
464 2272 597 2317 testimoniis
610 2274 658 2316 tum
673 2288 698 2316 ex
714 2271 804 2331 scriptis
819 2274 912 2317 Patrum
924 2276 974 2316 tum

97 2358 122 2387 ex
131 2343 210 2387 litteris
219 2358 298 2387 eorum
309 2344 348 2403 qui
356 2344 416 2387 inter
422 2346 502 2401 gentes
512 2343 657 2400 evangelium
667 2343 804 2387 annuntiant
814 2347 835 2387 et
846 2359 873 2387 ex
882 2344 909 2387 iis
918 2343 973 2402 ipsis

97 2430 155 2473 quae
165 2429 212 2458 non
218 2415 289 2459 semel
296 2415 357 2459 inter
363 2415 424 2473 ipsos
434 2414 572 2459 Christianos
582 2414 723 2458 aeciderunt.
735 2418 806 2466 Quare
816 2416 835 2457 si
844 2413 878 2458 illi
887 2418 974 2472 negant

97 2485 198 2529 obsessos
216 2487 320 2543 tempore
334 2486 416 2529 Christi
432 2485 487 2543 quia
504 2488 662 2544 nequeantea
677 2499 751 2544 neque
767 2487 845 2544 postea
861 2485 973 2530 eiusmodi

97 2557 195 2601 obsessio
206 2558 268 2600 certo
278 2555 410 2610 innotuerit,
423 2556 552 2600 testimonia
562 2556 687 2601 certissima
697 2559 718 2600 et
727 2571 762 2600 res
770 2560 844 2614 gestas
854 2557 972 2617 probatas-

96 2644 140 2688 que
159 2628 276 2686 ignorant
302 2631 416 2673 Vocantur
437 2626 534 2672 latitabat
553 2628 593 2687 qui
614 2628 695 2672 morbo
720 2628 837 2684 comitiali,
865 2629 970 2689 epilepsi,

93 2701 240 2754 laborabant,
252 2701 291 2759 qui
300 2716 342 2760 pro
351 2700 440 2744 ratione
450 2699 519 2744 lunae
529 2700 580 2759 plus
590 2698 693 2744 minusve
703 2715 729 2744 eo
739 2700 819 2743 morbo
825 2700 862 2745 vel
873 2699 971 2759 quadarn
1015 2734 1017 2739 .

95 2774 176 2816 mentis
193 2772 330 2816 alienatione
343 2775 366 2816 et
380 2773 457 2816 furore
471 2771 661 2831 corripiebantur,
675 2769 808 2831 paralytici,
822 2771 861 2831 qui
871 2770 971 2830 paralysi

94 2843 109 2887 i.
126 2858 288 2894 enervorum
303 2843 435 2888 remissione
450 2844 486 2888 vel
501 2843 639 2887 resolutione
651 2843 766 2898 laborant,
780 2842 844 2900 quasi
860 2841 968 2894 enervati,

95 2915 203 2959 membris
214 2915 314 2975 corporis
322 2916 391 2975 plane
404 2914 517 2960 debilitati
528 2917 550 2959 et
560 2914 628 2973 capti.

124 2989 239 3039 Quaerunt
254 2987 278 3030 S.
300 2987 377 3046 Chrys.
394 2986 463 3031 Eatb.
485 2979 591 3046 itermod,
613 3000 654 3029 our
672 2984 774 3032 Christus
791 2999 846 3040 non,
864 2985 898 3029 uti
915 2984 971 3029 alias

93 3060 188 3114 solebat,
203 3058 272 3102 fidem
279 3058 308 3102 ab
318 3058 345 3103 iis
354 3074 410 3118 quos
420 3059 515 3104 curabat
524 3056 680 3117 postulaverit.
690 3056 733 3101 Sed
741 3055 766 3100 id
776 3056 819 3101 hoe
829 3057 879 3101 loco
891 3053 971 3115 quaeri

93 3133 188 3177 minime
199 3132 299 3190 oportet,
312 3130 451 3186 evangelista
465 3130 525 3174 enim
538 3128 611 3172 solum
620 3131 763 3188 conspectum
774 3128 889 3186 quendam
900 3139 970 3184 gene-

93 3205 165 3250 ralem
178 3201 287 3263 proponit
300 3205 379 3246 earum
393 3215 479 3255 rerum,
495 3200 522 3244 de
538 3199 620 3260 quibus
634 3203 712 3260 postea
722 3199 813 3257 singula
823 3198 938 3259 quaedam
949 3195 971 3239 et
