2211 3575
409 289 415 297 α
526 255 604 304 arira.
620 273 664 302 car.
681 262 724 301 8-9.
1032 265 1070 305 sat

185 361 262 416 (hl-5)
274 375 313 403 neo
326 365 410 406 extendi
421 355 443 405 ae
454 355 565 418 propagari
580 364 680 405 subsidiis
693 363 784 404 externis
795 364 845 418 (hb)
857 373 932 404 verum
945 360 990 402 dari
1002 373 1012 400 a
1024 363 1068 402 Deo

187 431 227 468 eta
237 428 326 482 singulis
335 430 413 471 debere
423 431 504 483 acquiri
515 431 585 471 animo
592 431 660 477 firmo,
667 429 784 477 constanti
795 441 806 469 a
816 430 881 470 rebus
891 428 982 468 terrenis
993 426 1067 467 avulso

187 492 287 546 (tu-lah
299 506 362 547 porro
375 512 384 532 «
394 497 410 536 it
420 497 437 536 is
446 499 486 536 not
496 495 607 547 preached‚
618 495 681 535 wlren
692 495 794 546 thoughts
804 494 826 534 ol
832 495 853 543 it
863 505 896 534 are
906 493 989 545 merely
999 492 1022 531 of
1030 492 1067 532 the

186 560 280 599 externat
295 559 357 613 (nte.
374 560 415 615 l6);
427 562 495 612 lastly‚
509 561 525 600 it
536 560 555 599 is
568 562 606 599 not
618 559 744 615 manifested
759 559 779 598 in
793 559 828 599 lile
844 560 866 598 in
879 559 913 598 the
927 570 1016 598 manner
1029 560 1066 598 too

115 649 119 663 ,ι
183 634 285 666 ,common
299 637 377 678 among
389 625 525 677 religionists,
536 625 576 664 but
587 624 604 663 is
614 635 666 675 very
679 624 721 664 real
734 623 776 663 and
789 626 836 663 true
846 625 886 663 aad
896 625 952 675 good
964 624 985 662 ln
996 624 1022 662 its
1035 624 1065 663 el-

185 689 235 730 lects
244 705 254 727 »
267 689 374 743 (tlt-⁶20).
964 703 965 707 ¹

393 832 411 869 3.
427 826 486 867 scens
500 800 638 885 nttrncnlornm
647 828 740 878 patrator
756 828 853 876 8,1-9,3tt

214 940 358 998 Euangelista
364 936 487 1001 postquam
495 941 610 1000 specimen
617 943 639 984 et
647 941 777 1000 exemplum
785 931 848 984 dedit
857 939 974 984 doctrinae
982 938 1065 984 Christi

184 1012 229 1056 iam
241 1027 294 1056 eum
304 1012 412 1057 describit
420 1011 604 1072 potentissimum
615 1012 780 1056 miraculorum
789 1011 930 1070 patratorem
942 1010 950 1071 l
964 1012 978 1054 f.
989 1010 1062 1071 Ιιῇὶβ).

182 1084 272 1138 ‘llessias
287 1083 344 1127 enim
363 1098 416 1127 oum
428 1084 459 1127 sit
470 1072 576 1141 princeps
589 1083 756 1142 prophetarum
767 1086 787 1126 et
799 1083 902 1127 doctrina
912 1085 935 1126 et
946 1081 1063 1142 miraculis

128 1202 130 1206 ,
185 1169 237 1213 prae
248 1154 294 1198 illis
304 1154 405 1198 eminere
416 1153 497 1197 debuit
509 1153 559 1213 (cir.
570 1157 595 1197 ls.
612 1158 673 1210 35,5.
685 1153 713 1210 6).
726 1158 757 1197 lla
766 1154 843 1197 multis
853 1156 930 1197 aulem
943 1152 1062 1197 miraculis

185 1224 323 1281 evangelista
333 1224 446 1284 quaedam
465 1225 546 1282 selegit
562 1224 645 1283 quibus
662 1217 793 1269 ostendatur
805 1224 892 1268 Christo
907 1224 980 1268 inesse
996 1227 1062 1283 pote-

183 1299 263 1340 statem
275 1295 341 1355 plane
351 1297 474 1340 maximam
484 1310 541 1355 [puae
553 1296 617 1340 nullo
628 1291 705 1339 rerum
717 1310 801 1352 genere
813 1296 970 1352 restringatur
981 1308 985 1338 ι
995 1297 1062 1339 sanat

168 1367 244 1419 -errim
257 1367 350 1411 morbos
362 1369 436 1412 omnis
447 1368 544 1425 generis,
559 1369 627 1411 etiam
642 1367 661 1411 si
673 1365 780 1424 aegrotus
788 1382 835 1411 non
848 1372 956 1426 praesens
964 1365 1060 1420 sistitur,
1077 1357 1079 1360 ⁵

135 1448 138 1458 ¹
180 1440 229 1493 *solo
239 1439 363 1483 voluntatis
371 1442 434 1492 nerlu,
447 1439 571 1498 imperium
580 1433 668 1483 elreroot
676 1438 700 1482 in
709 1439 791 1483 fluctus
800 1438 870 1483 maris
878 1442 1060 1497 ettenrpestates,
1080 1491 1081 1494 Ἰ

182 1510 203 1554 ei
219 1510 328 1554 obediunt
346 1513 368 1554 et
384 1500 535 1554 subiiciuntur
552 1510 685 1565 doemones,
703 1510 772 1555 simul
788 1525 839 1554 cum
857 1509 945 1554 morbis
961 1510 1061 1569 corporis

181 1584 244 1625 sanat
255 1581 349 1626 vulnera
362 1581 438 1635 animi,
452 1584 545 1639 peccato
555 1595 595 1625 sua
606 1582 882 1636 arrctoritate.remittens;
896 1582 988 1625 suscitat
996 1595 1060 1635 morss

181 1656 237 1707 tuos,
255 1652 325 1695 imaro
342 1651 425 1695 sufficit
444 1652 475 1695 ad
490 1652 597 1695 morbum
612 1667 704 1711 prorsus
715 1652 861 1711 desperatum
877 1651 1013 1706 sanandum,
1033 1656 1059 1697 ut

179 1724 227 1767 'eius
242 1723 401 1766 vestimentum
412 1725 528 1779 tangatur,
545 1713 617 1766 caecis
630 1724 720 1777 lumen,
737 1724 803 1767 mutis
816 1723 909 1782 loquela
920 1723 991 1767 eiecto
1005 1723 1059 1768 dae-

152 1821 154 1824 >
181 1795 247 1838 mone
255 1794 388 1838 restituitur.
398 1794 461 1838 Hisce
470 1794 585 1838 miraculis
594 1794 706 1838 enarratis
715 1793 814 1838 efficitur
822 1809 869 1838 non
878 1795 953 1838 solum
963 1798 987 1838 ut
995 1799 1058 1839 lesus

179 1871 297 1924 tamquam
310 1865 400 1921 legatus
413 1864 505 1925 divinus
518 1865 638 1925 probetur,
653 1880 733 1915 verum
747 1866 815 1910 etiam
828 1866 914 1918 utiam
929 1859 1006 1926 alique
1019 1882 1059 1911 no-

179 1937 228 1981 titia
248 1937 296 1980 eius
312 1940 408 1980 naturae
427 1936 518 1980 divinae
539 1937 666 1993 ingeratur.
685 1941 757 1981 Porro
775 1937 801 1981 iis
822 1937 951 1981 ostenditur
968 1928 1059 1997 praeter

178 2009 308 2068 potentiam
321 2010 435 2052 summam
449 2022 538 2052 summa
553 2023 645 2067 quoque
659 2008 741 2052 Christi
755 2008 885 2066 benignitas
898 2011 921 2052 et
938 2009 1061 2054 clementie

178 2094 222 2138 qua
233 2082 325 2142 paratus
338 2082 372 2122 est
382 2078 480 2123 miseriis
490 2079 592 2139 corporis
605 2083 627 2123 et
641 2079 711 2123 animi
726 2079 821 2132 mederi,
837 2079 961 2123 dummodo
973 2081 1024 2140 quis
1038 2081 1058 2125 ei

177 2151 246 2194 iidem
262 2150 352 2194 obviarn
366 2151 430 2194 ferat.
446 2149 508 2194 Tales
521 2140 598 2209 itaque
612 2165 687 2195 mores
700 2151 783 2195 Christi
798 2151 960 2213 deseribuntur
974 2152 1057 2211 quibus

178 2223 267 2277 ammos
276 2222 380 2265 omnium
394 2221 437 2265 sibi
448 2221 555 2265 conciliet
566 2225 587 2265 et
599 2222 628 2265 ad
639 2224 662 2266 se
672 2222 772 2265 attrahat
782 2236 872 2266 necesse
883 2226 924 2267 est,
933 2215 995 2274 ¹Quam
1005 2238 1056 2267 om-

176 2294 214 2336 nia
225 2295 327 2351 spectare
343 2292 372 2335 ad
388 2292 412 2336 id
426 2292 489 2350 quod
505 2292 646 2349 evangelista
660 2292 702 2336 sibi
714 2293 837 2351 proposuit
852 2294 997 2338 menifestum
1013 2299 1054 2338 est.

176 2363 210 2407 hd
221 2363 284 2407 idem
293 2362 388 2425 quoque
400 2363 499 2422 pertinet
512 2363 575 2422 quod
586 2366 664 2408 monet
675 2364 702 2407 de
713 2363 800 2407 deiectu
815 2365 862 2408 eius
876 2364 932 2407 fidei
941 2365 964 2408 in
976 2368 1053 2421 lsrael,
1066 2380 1068 2383 ’

106 2434 109 2440 “
176 2436 238 2494 quod
250 2435 351 2479 Christus
362 2434 426 2478 docet
437 2435 466 2478 de
475 2434 501 2478 iis
514 2449 573 2494 [puae
587 2450 599 2478 a
612 2435 660 2479 suis
673 2434 907 2495 discipulispostulau
921 2435 981 2481 hisce
992 2437 1055 2481 enim

139 2525 141 2529 ·
176 2501 377 2566 causaserponere
387 2506 464 2565 pergit
473 2521 513 2564 cur
521 2507 595 2551 maior
603 2506 740 2551 ludaeorum
751 2512 806 2566 pars
812 2507 913 2551 Messium
924 2522 970 2552 nou
983 2523 1056 2553 susce-

174 2577 243 2636 perit3
261 2577 285 2620 id
302 2577 365 2634 quod
379 2577 400 2620 in
418 2577 520 2622 moribus
537 2593 629 2637 quoque
647 2579 821 2636 pharisaeorum
837 2579 895 2633 etin
909 2594 988 2624 eorum
1002 2596 1055 2639 per-

176 2650 281 2698 versitate
291 2648 468 2704 demonstratur,
481 2665 527 2709 qua
539 2649 619 2694 Christi
630 2650 742 2694 miracula
755 2664 796 2708 ope
805 2650 856 2694 lieri
869 2651 986 2695 daemonis
1000 2667 1055 2696 con-

125 2768 127 2772 ,
175 2720 281 2764 tendunt.
297 2719 495 2770 Quemadmodum
509 2721 624 2779 itoquein
639 2735 742 2764 sermone
757 2723 866 2764 montano
884 2735 910 2764 ex
927 2736 972 2765 una
988 2728 1054 2782 parte
1090 2711 1092 2715 ¹

174 2793 247 2836 elucet
257 2791 339 2835 Christi
348 2790 452 2834 maiestas
463 2795 484 2834 el
492 2793 622 2846 arrctoritas,
634 2807 661 2835 er
670 2792 742 2835 altera
752 2794 829 2835 eutem
841 2792 926 2837 multae
936 2795 1054 2853 reperiun-

161 2858 209 2906 ‘tur
219 2863 329 2918 rationes,
345 2877 383 2924 cur
397 2862 501 2921 plerique
513 2862 650 2906 ludaeorum
663 2863 707 2906 tnle
724 2877 822 2920 regnum
834 2865 972 2916 messmnum
985 2882 1053 2925 repu-

174 2933 296 2988 diaverint,
309 2935 342 2979 ita
354 2937 477 2994 utrumque
487 2934 538 2994 pari
551 2934 647 2988 ratione,
664 2927 717 2979 licet
727 2934 772 2978 alio
784 2927 862 2990 modo⁷
875 2937 899 2980 in
915 2936 951 2981 bis
963 2953 1053 2996 quoque

173 3003 284 3063 capitibus
297 3009 342 3049 Cet
354 3010 502 3065 {impressum
513 3006 622 3050 cernitur.
721 3058 723 3061 ¹
780 3061 782 3065 Ι

168 3117 169 3120 ,
201 3077 227 3120 nt
241 3076 315 3134 primo
331 3070 424 3134 quidem
433 3081 482 3123 'tres
494 3081 574 3123 narret
586 3080 722 3136 sanationes,
739 3080 821 3139 leprosi
835 3080 963 3139 insignum
977 3095 1051 3124 sacer-

169 3146 264 3191 dotibus
273 3148 294 3189 et
303 3146 468 3203 testimonium,
478 3150 521 3194 filii
534 3150 674 3196 centurionis
684 3150 735 3212 qua
742 3153 859 3213 occasione
871 3153 944 3196 maior
955 3147 1052 3210 apparet

167 3218 312 3275 ‘alienigenae
330 3216 397 3271 fides,
414 3214 491 3265 socrus
508 3223 578 3277 Petri,
598 3239 644 3285 qua
665 3224 700 3279 fit,
720 3228 745 3267 ut
763 3224 858 3284 'plurimi
874 3224 970 3267 salutem
987 3223 1051 3282 apud
