2239 3511
109 158 147 197 320
164 208 166 213 Δ
445 171 522 201 tiaran.
537 162 557 211 6,
574 163 642 202 12-13.

1000 198 1002 220 l

108 261 202 324 scientes
213 260 330 320 impetrari
342 275 387 304 non
400 273 464 319 posse
478 259 540 318 qnod
553 262 708 319 propeccatis
721 262 831 319 petimus,
847 262 891 306 nisi
904 265 925 307 et
938 262 981 322 ipsi

110 333 168 377 circa
181 332 292 376 debitores
301 333 388 374 nostros
397 331 462 390 paria
471 331 593 375 fecerimus
605 349 614 370 e
628 331 660 391 (S.
675 330 756 390 Cypr.)
768 334 790 380 et
802 333 827 376 S.
841 334 908 390 Grep.
919 349 979 392 nyss.
1013 360 1014 363 =

109 419 154 447 non
163 402 252 446 dubitat
269 401 343 446 dicere
358 401 499 446 affectionem
512 405 615 446 nostram
628 406 672 447 Deo
689 402 718 447 ad
728 404 815 448 bonum
825 418 868 462 pro
879 406 980 463 exemplo

108 474 172 532 (peresi
186 488 232 519 esse
246 473 394 533 ordinemque
410 473 578 533 quodammodo
594 474 689 530 inverti,
707 478 732 519 ut
748 474 872 519 audeamus
889 489 979 534 sperare

107 546 155 601 iore
168 550 192 589 ut
204 549 265 596 Deris,
275 547 352 590 nostra
364 545 423 590 tacta
440 546 556 600 imitetur,
571 546 604 589 ita
616 549 642 590 ut
654 546 684 590 ad
696 548 767 590 Deum
781 536 883 591 dicamus
898 562 904 590 2
918 545 979 605 quod

107 632 150 674 ego
165 617 209 661 feci
225 617 273 672 iac;
290 617 367 661 remisi
385 616 472 672 debita,
493 632 522 661 ne
539 619 565 661 tu
584 616 678 677 quidem
697 618 864 677 supplicantem
882 617 980 677 repellas

108 688 148 747 (M.
165 687 285 747 at‚1180);
303 688 407 735 similiter
419 687 538 748 Tbeopb.:
557 707 567 731 u
582 689 653 733 habet
668 703 705 733 me
718 692 775 733 Deus
791 692 816 733 ut
826 689 941 748 exemplar
958 691 979 732 et

108 759 168 817 qumi
188 760 248 804 facio
269 759 319 804 aliis
336 753 391 804 iacit
409 762 431 804 et
450 760 507 804 mihi
523 779 545 813 a,
561 760 608 816 vel,
624 762 649 804 ut
661 761 686 805 S.
705 761 764 821 deep.
783 761 895 819 loquitur,
915 758 979 818 quasi

106 832 242 889 paciscimur
252 846 303 876 cum
313 834 369 885 Deo,
381 835 405 875 ut
413 832 478 875 nobis
488 831 599 886 dimittat,
610 832 668 876 sieut
678 834 700 876 et
711 846 751 877 nos
760 832 902 876 dimittimus.

136 906 178 946 Per
188 917 211 946 se
221 904 296 946 autem
304 904 366 961 patet
379 915 509 946 mensuram
523 904 545 946 ct
557 916 663 946 normam
676 902 724 947 sisti
737 904 762 947 in
774 903 915 956 remissione,
927 916 978 946 cum

106 976 181 1018 cetera
190 974 266 1017 omnia
277 973 344 1017 valde
353 973 396 1016 sint
406 964 495 1018 diversa
505 985 644 1031 omnemque
655 987 786 1017 nrensuram
796 976 818 1017 et
828 975 978 1033 comparatio·
996 986 1000 989 ·
1015 978 1016 981 ’

68 1035 70 1038 i
105 1060 159 1089 nem
179 1044 441 1101 excedant‘longissime.
459 1043 484 1087 td
498 1043 632 1103 quodbene
650 1044 750 1088 advertit
761 1045 786 1089 S.
808 1044 911 1104 Cinga:
934 1063 943 1084 c
960 1044 979 1088 si

106 1130 212 1161 conservo
223 1114 346 1171 dimiseris,
359 1129 418 1159 arne
427 1119 508 1174 parem
519 1115 604 1159 referes
614 1115 725 1172 gratiam,
736 1130 878 1175 qrramquam
889 1129 978 1159 resnou

105 1188 166 1247 paris
176 1187 205 1234 sit
218 1186 364 1241 conditionis,
380 1189 405 1229 tu
419 1186 481 1244 araim
495 1185 558 1245 quod
572 1186 705 1230 remissione
720 1201 788 1244 egeas
802 1188 909 1242 remittis,
921 1189 978 1230 Deus

104 1250 157 1303 vero
167 1272 220 1302 cum
229 1258 291 1302 nullo
301 1271 357 1317 opus
368 1257 461 1312 habeat,
471 1260 496 1301 tu
505 1271 614 1301 conservo
621 1292 626 1311 ,
634 1260 692 1301 Deus
701 1271 776 1312 serro3
787 1261 813 1302 tu
822 1261 977 1302 sexcentorum

106 1344 157 1374 rcus
169 1332 324 1389 peccatorum,
339 1332 396 1373 Dens
416 1343 470 1372 vero
487 1328 643 1387 impeccabilis
663 1343 716 1372 cum
733 1330 761 1373 sit
782 1348 803 1373 n,
822 1333 879 1373 Deus
892 1325 977 1389 quippe

106 1402 176 1445 inrdto
186 1401 262 1460 plura,
280 1399 351 1444 multo
362 1400 459 1454 maiora,
474 1399 545 1443 inulto
559 1399 677 1443 liberalius
687 1402 710 1444 et
718 1391 790 1444 multo
802 1401 877 1445 atinus
890 1415 977 1444 ureren-

107 1473 164 1516 tihus
181 1471 287 1525 remittit,
311 1471 380 1529 qaiam
400 1485 439 1515 nos
459 1470 601 1514 debitoribus
621 1471 703 1514 nostris
721 1470 819 1529 (Mala).
838 1475 898 1515 Bene
914 1474 978 1515 notat

104 1543 180 1588 Solius·
197 1543 240 1586 boc
260 1543 350 1599 signum
368 1542 397 1585 ad
417 1545 519 1585 nostram
537 1540 592 1584 addi
608 1542 797 1598 consolationem,
816 1545 841 1586 ut
860 1543 906 1586 scil.
925 1556 976 1586 cum

104 1613 265 1674 probabilitate
292 1627 425 1669 cognoscere
446 1612 557 1671 possimus
575 1613 644 1671 atque
660 1612 773 1657 confidere
787 1614 914 1657 condonata
930 1628 976 1657 esse

103 1684 170 1729 nobis
178 1688 279 1744 peccata,
291 1685 309 1728 si
317 1683 380 1728 illam
388 1683 560 1742 impleverimus
567 1682 720 1727 conditionem
730 1684 809 1728 ceteris
818 1699 909 1743 quoqirc
918 1699 976 1743 quae

104 1756 251 1816 requiruntur
261 1756 354 1799 minime
369 1755 489 1812 neglectis,
507 1755 541 1798 uti
551 1756 604 1798 sunt
620 1755 737 1813 poenitere
751 1755 778 1799 de
790 1756 912 1799 conunissis
923 1770 976 1799 cum

105 1830 181 1873 animo
191 1842 237 1871 non
249 1827 332 1871 iterum
344 1825 454 1885 peccandi
464 1828 506 1869 etc.
518 1828 577 1869 Haec
587 1826 665 1883 petitio
677 1827 761 1885 optime
774 1827 899 1870 illustratur
909 1842 975 1886 para-

104 1900 157 1944 bola
165 1899 241 1943 llattb,
255 1901 321 1952 1833
333 1896 411 1956 (Gppr,
427 1897 516 1941 Gbrcrn.
526 1896 606 1940 Pescla.
619 1896 692 1941 ruald.
703 1897 786 1957 Iurrs.);
799 1898 846 1941 eius
858 1913 910 1942 vero
921 1898 974 1942 doc-

104 1971 164 2015 trina
176 1970 223 2014 iam
236 1966 373 2023 inculcatur,
389 1971 414 2011 ut
429 1967 519 2012 Cluana.
535 1969 588 2012 Banu
603 1967 734 2023 advertunt,
750 1969 817 2012 Eccli.
832 1973 883 2023 28‚3
901 1984 948 2028 seq.
968 1984 972 2014 :

103 2042 206 2100 relinque
212 2039 316 2099 proximo
324 2041 364 2083 tuo
372 2040 462 2083 nocenti
470 2042 492 2082 te
501 2041 522 2082 et
530 2041 584 2083 tnnc
593 2038 724 2098 deprecanti
734 2039 775 2083 tibi
786 2043 878 2099 peccata
886 2030 974 2085 solven-

103 2116 151 2168 tur;
162 2113 230 2155 honio
240 2111 330 2155 homini
339 2113 438 2155 reservat
447 2111 505 2154 iram
516 2114 538 2153 et
548 2125 562 2153 a
569 2114 614 2154 Deo
623 2110 712 2170 quaerit
725 2111 851 2155 medelam?
861 2112 887 2154 in
898 2112 973 2156 honri-

103 2199 156 2228 nem
164 2183 260 2227 similem
269 2182 311 2226 sibi
319 2171 364 2226 non
372 2183 441 2226 habet
450 2181 630 2225 misericordiam
639 2184 661 2224 et
671 2181 699 2225 de
705 2171 804 2241 peccatis
814 2184 860 2227 suis
869 2183 974 2242 depreea-

103 2257 153 2299 tnr‘l
165 2259 207 2299 etc.
225 2258 296 2306 Quare
313 2253 352 2313 qui
370 2254 471 2297 animum
487 2252 548 2310 gerit
565 2252 618 2297 odio
635 2255 657 2297 et
673 2254 773 2298 vindicta
788 2254 894 2314 plenum,
909 2254 974 2315 pium

103 2328 200 2371 indicem
214 2326 243 2370 ad
256 2326 396 2386 severitatem
409 2325 522 2369 vindictae
536 2325 610 2369 acrius
620 2328 727 2384 provocat
738 2326 815 2385 (Pcscl
822 2326 850 2386 .);
867 2346 876 2367 c
891 2327 974 2389 audisti

104 2398 266 2450 conditionem}
286 2400 325 2441 aut
342 2411 398 2454 ergo
416 2396 527 2451 dimittas,
546 2400 586 2440 aut
601 2397 643 2440 ista
657 2412 704 2441 uon
717 2397 973 2452 dicas;l1aecenimdi-

105 2468 201 2512 eendote
209 2468 284 2526 ipsum
294 2467 353 2523 ligas
369 2470 390 2509 et
400 2469 477 2510 contra
487 2469 508 2508 tc
524 2480 575 2510 cras
583 2481 589 2520 3
598 2466 644 2509 tale
658 2466 718 2509 enim
732 2469 764 2509 est
772 2481 797 2509 ac
806 2467 824 2510 si
834 2467 895 2512 dicas
912 2482 916 2513 :
927 2469 974 2513 neli

104 2539 160 2582 mihi
183 2538 274 2581 Domine
289 2537 402 2580 dimittere
421 2537 474 2595 quia
493 2551 535 2580 nec
549 2551 592 2594 ego
610 2535 661 2580 aliis
677 2537 793 2582 dimittere
804 2538 854 2583 volo
864 2556 876 2580 s
886 2538 918 2599 (S.
932 2542 971 2584 Br.

104 2610 188 2670 Dicta).
197 2600 270 2668 Atque
278 2610 357 2668 (priorali
367 2608 435 2652 ducat
446 2622 496 2652 eam
502 2608 656 2653 conditionem
674 2610 785 2667 Christus,
795 2611 850 2655 inde
860 2612 974 2669 colligitur
1035 2659 1036 2663 ,

104 2682 165 2743 [prod
180 2697 234 2742 prae
248 2681 343 2742 reliquis
360 2681 507 2741 petitionibus
525 2682 585 2725 bane
602 2696 672 2725 arnam
688 2683 735 2741 ipsc
749 2683 846 2742 explicat
859 2686 881 2727 et
893 2685 973 2729 iterato

103 2768 192 2798 sensum
203 2753 250 2797 eius
263 2753 364 2810 graviter
374 2753 473 2797 inculcat
483 2769 504 2796 r.
517 2756 552 2797 lb.
568 2758 602 2798 15.

133 2828 251 2883 Postquam
261 2824 285 2869 in
295 2824 424 2869 remissione
437 2828 584 2883 peccatorum
595 2825 664 2869 vitam
675 2826 853 2885 efflagitavimus
862 2841 971 2887 superna-

99 2895 201 2948 turalem,
213 2895 257 2939 iam
269 2887 351 2955 regare
365 2897 482 2953 docemur,
497 2898 645 2943 utbaecvita
655 2900 796 2943 custodiatur
806 2900 860 2944 etin
871 2901 978 2960 periculis

97 2966 157 3010 salva
170 2970 271 3020 rarescat,
285 2983 354 3026 [piare
366 2984 387 3012 v.
401 2974 427 3013 13
439 2978 460 3013 ct
472 2984 499 3013 nc
511 2969 552 3014 rios
563 2970 660 3015 indimus
671 2971 697 3014 in
710 2971 858 3016 terebrationem
862 2985 872 3029 ,⁸
882 2973 977 3017 tentatie

100 3041 183 3083 dicitur
192 3050 260 3081 omne
268 3036 292 3079 id
302 3038 363 3095 (pind
373 3053 413 3082 nos
425 3039 526 3096 periculo
534 3039 647 3098 peccandi
659 3040 750 3098 exponit
759 3040 795 3084 vel
808 3041 837 3084 ad
849 3037 968 3102 peccatum

101 3111 176 3157 allicit.
192 3109 271 3153 Petilio
285 3107 340 3152 haec
353 3123 421 3167 quam
438 3110 535 3153 riraxime
549 3124 590 3154 nos
606 3109 713 3154 adnmnet
729 3114 818 3157 nostrae
831 3114 970 3159 infirmitatis
