2239 3511
147 190 187 233 370
279 236 280 239 Ἰ
337 175 339 177 1
489 188 673 236 narratae-10.
729 161 743 248 ¹⁴

149 290 171 327 et
182 298 222 343 epo
234 284 300 328 horno
312 298 361 327 sum
374 283 414 327 sub
424 292 536 342 potestate
553 286 697 340 constitutae,
709 301 754 346 non
773 287 846 331 solum
859 289 970 349 principis
985 291 1018 333 te·
1054 299 1056 301 ’

148 355 263 409 trarchae,
273 368 352 398 verum
366 355 433 399 etiam
443 352 506 400 ducis
517 357 616 401 militum
629 359 651 401 et
664 357 760 412 tribuni,
773 360 794 401 ct
809 361 886 402 tamen
896 360 936 418 qui
947 360 1015 416 mihi,
1068 350 1071 356 ’

148 424 233 468 homini
242 424 354 469 inferioris
364 425 491 488 dignitatis,
504 427 589 472 subditi
603 431 654 473 sunt
666 423 773 488 prompte
780 429 892 474 mandatis
902 430 1018 474 meisobe·

149 494 224 551 diunt3
235 497 267 540 ita
275 496 356 541 milites
364 497 407 541 mei
417 501 438 542 et
448 499 507 542 servi
519 514 524 543 :
534 507 556 542 et
565 498 615 543 dico
623 499 674 544 bute
684 499 752 554 eccle,
763 508 785 544 et
794 499 856 544 oudt't
861 534 869 556 2
880 508 902 545 et
911 499 1014 544 atttvem'

87 585 94 613 κ
149 573 170 610 11
179 567 249 622 oeat't,
260 575 281 611 et
288 582 350 612 servo
362 582 410 613 meo
419 569 458 627 fao
468 569 524 624 hoc,
535 577 556 613 et
564 571 622 630 fecit
628 585 637 626 ,·
647 573 732 630 quanto
741 571 813 628 igitur
823 571 897 628 magis
913 566 1019 626 Domine,

149 637 185 681 cui
203 641 283 682 cuncta
299 641 351 683 sunt
366 639 480 696 subiecta,
500 644 581 685 cuncta
598 645 637 686 tuo
654 641 749 701 imperio
770 632 941 701 obsequentur?
957 640 1020 686 Unde

113 726 114 730 ¹
149 711 223 752 autern
232 709 312 767 gentili
326 710 456 756 tallsfidcsi
471 713 579 756 Animum
596 712 689 770 gerebat
705 702 829 772 simplicem
840 714 861 756 et
873 712 939 771 pium
952 713 1023 770 quem

149 778 286 839 descriptum
301 781 431 827 habesLuc.
448 783 513 837 7‚5l;
530 783 633 828 audieret
646 783 673 828 de
689 782 757 828 variis
770 783 885 828 miraculis
901 798 915 828 a
931 779 1019 827 Christe
1042 809 1048 818 .

149 852 252 909 patratis,
265 852 293 896 de
302 852 349 917 filio
360 853 433 910 reguli
441 853 470 896 ab
485 853 578 897 absente
588 869 634 898 uno
649 854 718 898 verbo
728 856 806 898 sanato
819 857 885 911 111111.
904 852 976 912 labo),
991 851 1020 896 de

149 920 258 965 daemone
268 922 293 966 in
301 936 416 980 synagoga
424 922 453 967 ab
463 938 489 967 co
499 923 591 982 expulso
603 923 663 983 (Luc.
674 923 745 983 l,33),
757 924 785 968 de
795 939 859 969 socru
870 925 929 968 Petri
941 925 1019 971 sanata

150 993 172 1036 et
182 992 210 1035 de
223 993 326 1051 plurimis
338 993 382 1037 illis
395 993 550 1038 sanationibus
563 993 642 1038 eodem
656 993 693 1038 die
706 1009 798 1054 vespere
807 991 871 1038 factis
882 994 943 1053 (Luc.
956 997 1019 1049 [139-
1057 989 1060 993 ’

150 1062 195 1122 m).
209 1066 268 1114 Quae
280 1064 361 1108 cumin
371 1065 531 1123 Capharnaum
545 1067 594 1109 aota'
604 1068 686 1131 essent,
697 1065 798 1109 centurio
807 1065 844 1123 vix
853 1067 943 1126 poterat
955 1065 1019 1123 igno-

149 1146 211 1187 rarc3
222 1149 275 1179 narn
289 1152 300 1176 u
313 1134 473 1192 divulgabatur
486 1135 548 1179 fama
563 1135 591 1179 de
606 1134 646 1179 illo
664 1133 689 1179 in
702 1137 875 1180 omnemlocum
889 1135 1016 1192 regionis...

148 1205 322 1264 perambulabat
334 1209 408 1250 autem
418 1206 491 1263 magis
504 1219 578 1250 sermo
588 1205 616 1249 de
627 1206 666 1250 illo
678 1224 688 1247 n
701 1209 752 1251 Luc.
768 1210 833 1261 t‚37.;
845 1210 905 1261 5,15.
916 1208 947 1249 Ex
956 1206 1018 1249 hisce

149 1276 224 1335 itaque
234 1276 324 1321 adiutus
337 1277 410 1335 gratia
420 1277 460 1321 Dei
470 1276 592 1320 sublimem
604 1276 668 1321 illam
679 1276 705 1321 de
719 1277 800 1320 Christi
813 1277 912 1321 dominio
922 1280 944 1320 et
955 1279 1018 1335 pote-

150 1350 206 1391 state
215 1348 238 1391 111
249 1362 325 1392 ornnes
332 1349 421 1392 morbos
430 1349 549 1392 notionem
559 1348 636 1391 hausit
645 1350 670 1406 et¹
676 1362 787 1392 summam
794 1336 857 1391 illam
867 1348 1018 1392 reverentiam

150 1433 228 1477 quase
241 1418 363 1476 indignum
377 1421 492 1477 reputaret
504 1419 528 1462 in
541 1419 605 1462 cuius
618 1418 712 1462 domum
722 1418 822 1463 Christus
836 1419 939 1463 intraret.
956 1417 1019 1470 Quod

150 1492 225 1533 autern
234 1490 324 1547 gentilis
339 1489 448 1533 didicerat
460 1503 487 1532 ex
501 1489 582 1533 Christi
597 1490 714 1549 operibus,
727 1489 751 1533 id
763 1488 848 1533 discere
858 1492 880 1532 ct
889 1488 1018 1546 intelligere

149 1560 182 1604 illi
196 1560 342 1618 negligebant
356 1560 396 1619 qui
411 1560 468 1617 legis
485 1560 524 1604 Dei
544 1559 646 1604 doctrina
655 1560 750 1613 eruditi,
762 1575 775 1604 a
789 1563 871 1604 Ioanne
881 1560 980 1618 baptista
990 1559 1017 1604 de

140 1623 226 1675 'hessia
240 1631 341 1691 proxime
356 1633 452 1675 venturo
470 1630 544 1675 edocti
563 1633 629 1675 testes
643 1631 728 1693 pariter
745 1634 810 1675 erant
825 1644 920 1690 operum
936 1630 1017 1674 talium

150 1703 226 1762 qualia
235 1717 300 1747 nemo
309 1716 410 1761 unquam
417 1702 539 1746 hominum
548 1702 639 1746 fecerat.
860 1693 861 1698 ¹
1002 1696 1003 1699 ¹

179 1777 250 1825 erare
263 1773 361 1833 Christus
371 1774 450 1817 merito
464 1773 562 1816 miratur
571 1775 594 1816 11
603 1771 670 1816 fidem
684 1767 820 1816 centurionis
835 1776 857 1817 et
866 1773 957 1817 illorum
970 1776 1017 1817 tar-

151 1843 244 1888 ditatem
256 1859 278 1887 v.
293 1848 319 1888 10
330 1843 421 1887 creditas
431 1851 509 1887 aretem
517 1844 578 1886 Iesus
585 1843 681 1886 1111111111
689 1851 721 1886 est
730 1850 750 1886 et
759 1842 900 1902 sequentibus
910 1858 933 1887 se
942 1842 999 1887 discit
1009 1857 1016 1887 :

151 1915 274 1968 accendite
287 1914 358 1968 uobis,
369 1929 414 1958 111
426 1913 503 1957 treceni
512 1920 599 1957 tentent
607 1912 676 1972 fidem
688 1913 712 1957 111
723 1914 804 1957 Israel!
816 1913 935 1958 admiratio
945 1914 1017 1958 oritur

149 1987 173 2030 iu
188 1986 253 2030 nobis
263 2001 288 2029 ex
304 2001 330 2029 eo
343 1980 404 2044 quod
414 1984 501 2044 aliquid
510 1985 564 2028 novi
581 1987 603 2027 et
612 1984 696 2028 insoliti
708 1986 729 2029 et
738 1984 849 2042 incogniti
859 1985 964 2029 videmus
979 1988 1018 2029 ant
1068 1993 1069 1997 ’

151 2057 264 2111 audimus3
276 2050 327 2100 talis
337 2055 456 2101 admiratio
468 2056 492 2099 in
508 2055 595 2099 Christo
606 2054 709 2098 exsistere
724 2070 770 2099 non
783 2056 866 2114 potuit,
883 2069 936 2099 eum
949 2056 1016 2099 etiam

151 2130 176 2171 ut
187 2128 255 2171 homo
265 2127 343 2182 omma
352 2128 497 2184 cognosceret
510 2128 632 2184 antequam
646 2125 732 2169 fierent.
745 2128 834 2169 Poterat
848 2128 922 2170 autem
934 2126 984 2169 fieri
993 2127 1018 2170 in

152 2214 177 2243 eo
186 2198 263 2258 aliqua
278 2197 397 2242 admiratio
414 2212 440 2241 ex
449 2197 490 2241 illa
505 2196 601 2240 scientia
617 2211 685 2256 quam
703 2196 901 2255 experimentalem
915 2195 1018 2255 theologi

151 2272 243 2326 vocant,
253 2284 299 2328 qua
308 2269 355 2312 scil.
366 2283 407 2327 per
419 2268 528 2312 intuitum
540 2267 639 2310 cernitur
648 2270 669 2311 et
679 2267 779 2313 sensibus
788 2268 914 2327 percipitur
923 2267 949 2311 id
957 2266 1017 2326 quod
1043 2318 1045 2321 ¹
1104 2290 1106 2294 ·

150 2356 190 2401 per
201 2339 377 2399 speculationem
388 2339 435 2383 iam
445 2341 511 2382 antea
524 2340 603 2382 notum
618 2341 675 2392 erat,
692 2356 702 2378 «
716 2338 909 2396 quemadmodum
923 2339 1017 2382 astrolo-

142 2426 193 2469 ¹gus
205 2411 297 2471 eclipsin
308 2411 409 2455 theorice
420 2412 499 2453 notam
512 2407 651 2467 experientia
662 2408 811 2466 deprehendit
824 2426 834 2449 »
849 2411 871 2452 11
882 2408 909 2451 de
925 2423 951 2452 ea
961 2422 1017 2465 gauu

79 2501 85 2511 ·
152 2481 215 2526 dium
231 2479 327 2541 percipit
343 2495 436 2538 eamque
449 2493 502 2523 curn
516 2478 663 2522 delectatione
679 2478 759 2537 aspicit
777 2477 856 2537 (Saba.
874 2480 931 2538 Lup.
943 2480 1015 2536 Boin).

153 2546 269 2598 Praeterea
283 2565 334 2595 cum
344 2549 443 2594 Christus
452 2549 482 2593 ad
491 2548 561 2593 fidem
578 2548 713 2593 centurionis
723 2548 926 2605 commendandam
935 2549 960 2593 in
971 2565 1019 2594 mo-

113 2625 115 2627 ’
152 2624 207 2668 dum
221 2623 353 2668 admirantis
370 2622 457 2666 vultum
471 2619 653 2681 componeret-et
667 2619 759 2664 fortasse
777 2621 825 2665 aliis
841 2636 931 2680 quoqne
949 2621 1019 2678 signis

152 2694 298 2740 exterioribus
309 2697 329 2737 et
338 2695 430 2752 insuper
441 2692 517 2736 verbis
527 2691 596 2735 fidem
609 2692 746 2735 centurionis
760 2691 910 2736 admiratione
925 2691 1019 2748 dignam

153 2768 288 2821 declararet,
299 2765 379 2822 merito
393 2764 436 2808 dici
446 2762 519 2823 potuit
530 2762 624 2807 metatus
634 2771 672 2808 est.
690 2766 746 2807 Sunt
756 2764 838 2807 etenim
849 2762 918 2805 verba
928 2763 975 2806 eius
984 2766 1020 2807 ta-

153 2837 182 2881 lia
195 2838 270 2896 qualia
284 2838 303 2881 is
316 2837 382 2880 cdere
400 2835 455 2879 solet
471 2833 511 2894 qui
528 2833 656 2878 admiratur
668 2849 746 2888 111111,
761 2848 824 2887 vere,
838 2833 951 2892 proiecto,
970 2834 1019 2878 (lico

152 2908 223 2960 11111,
236 2911 352 2966 tamquam
363 2921 411 2951 rem
427 2907 510 2950 miram
521 2905 627 2949 omnibus
637 2906 685 2949 vult
699 2905 847 2958 innotescere,
858 2918 880 2948 se
890 2920 916 2949 cx
931 2920 957 2949 eo
974 2920 1019 2964 quo

153 2983 241 3039 tempus
257 2978 429 3036 praedicationis
444 2976 555 3036 inceperit
573 2976 635 3034 (Fet.
656 2976 703 3021 ott.
722 2976 777 3033 Lep.
795 2975 858 3036 Bor.)
873 2976 897 3018 in
913 2975 976 3019 nullo
994 2990 1020 3019 ex

175 3091 188 3120 1.
200 3065 303 3119 Comuntur
308 3083 325 3115 in
333 3082 369 3116 Tell
380 3085 424 3115 Hurn
433 3083 565 3126 (Capharnaum)
576 3082 636 3114 ruinae
646 3089 738 3123 synagogae
749 3081 790 3115 satis
799 3081 896 3124 magnilicac
906 3090 950 3123 quae
962 3090 1019 3125 oense*

154 3139 247 3178 turcudem
257 3146 308 3181 quarn
319 3136 396 3169 centurio
405 3135 471 3168 ludaeis
478 3134 582 3174 acditicuvih
593 3134 632 3180 vide
642 3133 717 3175 sutrin,
728 3134 790 3168 Galilec
800 3137 830 3177 lp.
842 3138 880 3177 2295
889 3134 922 3169 Ed.
932 3136 939 3167 Ι
949 3143 965 3177 p.
975 3137 1010 3168 516.
