2239 3511
157 212 209 268 ioa'
279 198 281 202 ’
324 255 325 258 ¹
493 236 570 264 inin-i
587 227 606 274 a,
623 227 693 266 lom.

156 338 207 367 cum
224 325 308 368 Clnisto
320 327 398 384 petere
412 324 495 384 potuit;
507 339 572 378 nam,
586 324 619 368 uti
629 323 701 368 ruald
712 326 766 372 Bur.
778 326 824 369 iam
837 326 968 382 advertunt,
980 341 1027 371 om·
1060 377 1063 383 ,

107 394 108 398 ’
156 395 208 438 nino
220 394 328 439 credibile
344 399 377 459 est
391 395 503 440 telonium
517 410 556 440 seu
567 410 669 440 mensam
678 388 856 455 publicanorum
864 397 893 441 ad
904 412 973 456 quam
983 414 1026 456 pu-

154 464 214 509 blica
224 466 343 524 vectigalia
353 467 518 523 referebantur,
530 482 577 511 non
585 466 653 511 tuisse
662 468 687 511 in
697 467 768 526 ipsius
778 466 853 523 domo,
866 468 939 512 sedin
949 469 1025 527 aliquo

154 536 203 580 loco
219 536 312 596 publico
328 538 391 582 iuxta
406 541 520 592 mare‚=ut
532 538 620 582 facilius
632 532 743 583 mercium
754 538 841 583 tributa
853 539 1023 597 colligerentur,

155 607 190 651 vel
200 607 229 652 ad
235 612 323 668 portam
331 610 432 654 civitatis.
442 610 494 653 Erat
502 610 563 654 enim
572 610 730 670 Capharnaum
738 610 867 668 emporium
874 613 907 655 sat
915 624 1025 668 magnum
1063 605 1064 609 ¹
1076 663 1077 666 Ἰ

154 693 196 738 per
213 679 274 738 quod
289 680 356 725 etiam
369 680 497 725 transibant
510 684 645 726 mercatores
661 683 677 725 a'
689 683 796 725 Damasco
806 681 945 725 Ptolemaida
954 682 1024 742 profi-

155 750 268 795 ciscentes.
286 755 356 803 Quare
370 752 498 812 complures
513 767 602 811 quoque
619 752 738 812 publicani
752 751 786 796 ibi
800 751 845 796 suis
860 752 1024 796 incumbebant
1087 787 1089 791 .

153 821 261 878 negotiis,
277 837 335 882 quac
344 823 422 882 utique
432 824 542 882 vituperio
556 838 601 867 non
611 823 727 876 carebant3
740 826 788 867 erat
798 823 859 867 enim
867 822 925 868 haec
933 823 1024 867 lucran-

155 892 178 935 di
193 893 261 947 rano,
279 897 303 936 ut
321 895 345 937 S.
365 893 443 952 Chrys,
463 893 571 952 loquitur,
592 893 735 952 impudentia
751 894 819 953 plena
836 904 863 938 ao
884 894 1024 953 petulantia,

154 965 259 1021 quaestus
272 963 363 1022 iniquus
376 966 398 1008 et
414 967 542 1008 mercatura
554 962 683 1017 illiberalis,
702 964 808 1022 idemque
822 963 916 1008 loannes
925 965 1024 1024 baptista

134 1036 136 1040 ’
152 1033 239 1079 indicat
247 1033 301 1078 dum
311 1025 559 1093 publicanosadmonet
572 1049 576 1078 z
589 1034 647 1078 nihil
659 1034 756 1093 amplius
767 1049 836 1093 quam
846 1035 907 1093 quod
917 1034 1024 1095 constitu-

153 1109 201 1148 tum
214 1108 247 1149 est
259 1105 321 1149 vobis
332 1106 420 1150 faciatis
431 1104 492 1164 (Luc.
513 1106 583 1165 3¹,13).
601 1105 667 1165 Apud
679 1105 738 1163 legis
749 1105 851 1151 doctores
861 1108 883 1149 et
893 1103 1024 1165 pharisaeos

152 1176 270 1235 publicani
283 1177 328 1221 iam
340 1176 391 1221 ideo
410 1180 474 1221 erant
488 1176 584 1221 infames
601 1176 771 1235 quiaministri
785 1180 849 1221 erant
864 1176 984 1234 gentilium
1000 1177 1024 1221 in
1068 1183 1070 1186 ⁴

153 1248 262 1292 damnum
277 1248 356 1307 populi
372 1247 456 1303 fidelis3
471 1251 599 1307 peccatores
615 1251 691 1292 autem
707 1248 768 1307 apud
783 1247 873 1292 eosdem
890 1248 1023 1292 dicebantur

153 1333 199 1362 non
212 1320 284 1363 solum
298 1319 315 1362 ii
332 1320 371 1378 qui
385 1334 457 1379 prava
472 1304 618 1363 admitterent
633 1319 733 1363 facinora
753 1319 863 1376 decalogo
883 1320 961 1373 vetita,
984 1319 1024 1362 sed

154 1390 196 1449 qui'
203 1391 259 1434 ritus
273 1393 294 1434 et
310 1390 482 1446 consuetudines
492 1389 626 1434 iudaeorum
639 1390 733 1434 liberius
743 1390 865 1445 violarent,
877 1390 916 1449 qui
925 1390 1023 1449 exempli

153 1476 220 1505 causa
238 1461 359 1518 gentilibus
375 1463 453 1520 sponte
467 1475 490 1504 se
505 1449 640 1505 associarent
655 1465 677 1505 et
694 1461 821 1522 promiscue
835 1475 887 1504 eum
908 1461 1023 1520 quibusvis

152 1532 288 1576 commercia
295 1532 406 1576 haherent
415 1531 513 1591 (Lamp).
523 1531 636 1575 Eiusmodi
648 1531 720 1589 igitur
728 1531 832 1575 homines
840 1546 897 1590 quos
904 1531 938 1575 illi
948 1546 1023 1591 asper-

152 1603 266 1648 nabantur
280 1605 301 1647 et
317 1603 380 1647 nulla
395 1618 451 1647 cura
463 1602 544 1661 dignos
558 1602 677 1662 putabant,
692 1604 741 1646 visa
757 1605 805 1646 lesu
822 1602 962 1664 benignitate
978 1619 1024 1663 qua

152 1674 299 1734 publicanum
311 1676 447 1734 Matthaeum
459 1674 567 1729 honorat,
579 1675 625 1718 iam
636 1673 668 1717 ad
681 1677 755 1726 Iesum
765 1673 877 1718 accedunt
887 1670 909 1717 et
917 1689 980 1733 spem
990 1689 1023 1719 sa·
1042 1671 1045 1677 ’

152 1746 203 1791 lutis
214 1746 343 1805 concipiunt
353 1744 386 1804 (S.
398 1745 471 1803 Hier.)
483 1748 504 1788 et
514 1745 601 1803 abipso
611 1746 723 1789 hlattliaeo
735 1745 825 1788 invitati
837 1745 941 1789 convivio
954 1746 1023 1790 inter-

152 1821 211 1861 sunt.
227 1817 299 1860 Voluit
309 1817 369 1860 enim
380 1816 502 1860 Matthaeus
514 1816 586 1859 socios
598 1830 649 1860 suos
659 1819 681 1864 et
693 1815 791 1873 collegas
798 1817 838 1875 qui
847 1816 933 1860 luerint
946 1815 1023 1875 aliqua

152 1888 239 1932 ratione
251 1888 373 1947 participes
390 1887 487 1931 reddere
506 1886 615 1931 beneficii.
627 1886 689 1946 quod
703 1887 752 1946 ipse
767 1891 893 1946 acceperat.
915 1889 1023 1932 Dominus

95 1995 96 1998 ,
152 1963 227 2003 autem
240 1959 287 2002 ibat
298 1958 327 2001 ad
340 1958 443 2001 convivia
458 1960 615 2017 peccatorum,
631 1960 654 2001 ut
669 1958 809 2002 occasionem
822 1957 917 2002 haberet
926 1958 1023 2003 docendi

153 2035 173 2075 at
191 2030 319 2089 spirituales
336 2029 498 2073 invitatoribus
512 2029 556 2072 suis
575 2029 695 2089 praeberet
712 2028 773 2073 cibos
788 2027 821 2088 (S.
832 2028 917 2089 Hier),
932 2044 1022 2074 omnem

152 2102 213 2145 enirn
223 2100 344 2145 curationis
355 2099 449 2144 modum
461 2103 483 2143 et
493 2100 631 2144 occasionem
642 2099 742 2144 Christus
755 2098 861 2143 adhibuit
871 2100 905 2160 (S.
919 2100 1020 2160 Chrysi,

153 2191 163 2214 o
178 2172 239 2217 venit
251 2170 279 2215 ad
290 2170 414 2231 prandium
425 2169 535 2224 Christus,
547 2171 608 2215 venit
620 2170 649 2215 ad
669 2170 801 2228 convivium
814 2172 874 2224 Vita,
894 2174 920 2214 ut
938 2171 1034 2216 faceret

151 2258 226 2288 secum
237 2243 355 2287 convivere
372 2243 493 2298 morituros
510 2260 520 2282 a
540 2240 579 2305 (S4
593 2242 696 2300 Chrysei.
708 2256 776 2285 serm.
792 2244 838 2300 30);
855 2241 884 2286 cl.
905 2242 1021 2302 Coler‘idqe

151 2318 198 2374 Vp.
212 2319 252 2358 100
263 2328 309 2374 seq.
593 2313 595 2315 ’
869 2325 871 2327 ’

181 2386 293 2429 Pharisaei
303 2388 325 2429 et
336 2385 422 2429 scribae
434 2384 510 2444 (Marc.
522 2384 584 2444 Luc.)
593 2385 655 2428 malo
672 2384 749 2428 animo
758 2385 805 2427 iam
815 2384 892 2427 omnia
904 2387 952 2428 Iesu
962 2386 1022 2431 facta

152 2460 173 2501 et
182 2457 239 2504 dicta
251 2456 377 2515 explorant3
389 2455 451 2498 unde
461 2455 563 2514 quamvis
572 2455 616 2513 ipsi
623 2453 727 2498 ocnvivio
738 2468 784 2497 non
794 2452 935 2510 interessent,
945 2458 1022 2500 tamen

151 2527 258 2571 videbant
270 2529 342 2570 lesum
352 2540 443 2576 mensae
455 2525 587 2569 accumbere
598 2539 650 2569 cum
661 2524 796 2584 publicanis.
809 2524 910 2569 Studiose
923 2526 985 2571 enim
998 2528 1022 2571 in
1031 2571 1040 2579 ..

152 2600 199 2644 eius
212 2597 295 2655 agendi
308 2596 401 2640 modum
418 2596 548 2653 invigilant.
566 2595 671 2639 Convivia
684 2610 750 2655 saepe
761 2595 936 2641 celebrabantur
945 2598 1028 2653 multis¹

151 2668 313 2731 spectantibus;
323 2668 417 2712 fortasse
428 2668 496 2711 etiam
505 2667 611 2711 viderunt
621 2670 693 2711 Iesum
703 2681 755 2711 cum
766 2666 811 2711 illis
824 2668 924 2711 convivis
932 2684 948 2712 e
955 2669 1021 2714 domo

152 2741 316 2799 egredientem3
327 2755 348 2783 v.
356 2744 387 2783 ,11
400 2747 422 2783 ct
429 2738 530 2783 uidentes
537 2737 653 2797 pheresaei
664 2738 770 2783 dicebant
777 2738 893 2797 disciprrb's
905 2739 966 2794 eirca·
979 2742 1022 2784 cal-

152 2812 196 2856 lide
210 2827 223 2855 a
238 2810 354 2871 discipulis
367 2812 480 2870 quaerunt
496 2810 585 2854 facilem
599 2808 642 2853 sibi
652 2809 771 2854 victoriam
783 2808 935 2868 pollicentes:
952 2825 1022 2869 pctore

147 2898 198 2928 cnm
206 2881 339 2942 publicanis
350 2878 534 2940 etprccotoribas
545 2879 668 2924 irrondcccot
677 2880 788 2939 irrupturos
797 2882 884 2923 vester?
892 2879 933 2937 (sin
945 2896 949 2926 :
962 2896 1027 2926 man·
1061 2910 1062 2913 =

147 2954 236 3000 duratis
247 2953 304 3011 vos),
318 2954 357 3011 qui
367 2952 424 3005 lenis
435 2952 587 2996 observatores
598 2951 671 2995 videri
681 2950 796 3004 volebant,
809 2950 905 3009 perinde
915 2967 940 2996 ac
949 2952 1023 3012 lepre,

151 3040 201 3072 sum
209 3020 328 3081 fugiebant
341 3021 478 3066 consortium
488 3035 566 3078 eorum
576 3020 615 3080 qui
624 3020 672 3076 legi
687 3032 733 3061 non
744 3021 851 3077 parerent
867 3017 969 3080 (Lornylt
987 3025 1022 3065 ta-

151 3099 208 3142 lium
226 3093 344 3139 hominum
368 3093 496 3136 societatem
518 3091 702 3151 opprobrioesse
718 3088 806 3134 doctori
826 3090 919 3134 rabbini
941 3091 1021 3137 docent

88 3209 89 3212 ,
152 3170 190 3230 (ci.
206 3164 317 3213 thnscde
329 3179 352 3224 p.
365 3157 427 3217 ¹123).
441 3165 499 3206 Bene
510 3164 572 3205 notat
581 3162 605 3205 S.
617 3159 696 3204 Pescla.
709 3175 717 3205 .·
731 3180 741 3201 u
755 3161 856 3221 primum
866 3162 969 3207 infirmos
980 3163 1021 3207 ad-
