2211 3575
453 161 527 192 1111111.
543 152 560 199 1,
577 155 598 192 3.
686 187 688 190 ⁴
763 185 766 191 ,
786 141 788 143 ’
943 164 969 204 79

89 254 199 300 vernabat
211 253 297 310 gratia3
310 251 388 296 dolens
403 266 425 297 se
436 252 486 297 sine
498 252 548 313 filiis
561 253 707 308 remansisse,
723 253 800 298 dolum
809 254 885 307 studio
895 271 968 313 gene-

89 325 182 382 rationis
195 325 322 373 commenta
332 326 366 385 est
377 341 397 368 1),
411 326 445 367 lus
461 324 538 383 itaque
553 331 621 369 suum
637 327 658 369 et
674 325 752 369 mariti
763 325 864 370 defuncti
881 328 970 385 arraserit

89 386 174 455 quoda
187 394 244 438 Iuda
255 395 357 450 agnitum
368 397 416 438 erat
429 397 450 439 et
463 397 539 439 tamen
554 398 633 455 postea
641 399 768 455 ‘negatum5
781 397 886 441 similiter
895 399 968 441 Euse-

89 467 145 521 dr'as,
158 457 245 516 Quaest.
266 479 345 522 evang.
359 465 390 509 ad
399 466 549 525 Stephanum3
561 481 601 525 qu.
613 471 639 522 73
652 471 677 511 11.
691 471 730 522 22,
746 472 795 512 905.
808 467 906 512 Proinde
919 469 968 513 11ιὲ
1012 506 1014 509 ,

88 535 188 582 ,1111111111
197 549 219 578 se
229 538 290 579 recte
302 550 382 593 agere;
393 535 453 579 unde
462 536 529 580 etiam
540 548 587 580 non
598 537 780 596 reprehenditur,
790 537 830 581 sed
839 539 906 581 simul
914 554 967 583 cum

89 606 171 652 Rachel
182 608 202 649 et
213 604 255 649 Lia
269 621 324 665 qrrae
340 606 521 651 aedificaverunt
538 606 632 651 domum
647 607 718 651 lsrael
734 609 780 652 eius
792 609 817 651 fit
835 609 918 652 mentio
928 625 967 653 ee-

87 679 157 724 lehris
171 677 194 720 in
214 677 272 720 votis
289 692 346 736 quae
364 678 393 720 ab
411 676 473 721 omui
491 679 573 740 populo
593 679 677 737 nuptiis
691 681 751 722 Reor
767 681 788 723 et
807 679 870 723 Ruth
889 680 968 739 perhi-

87 751 171 794 bentur
184 744 256 807 (Ruth
270 738 337 807 hit).
351 751 424 808 Atque
438 749 473 792 ius
490 748 546 793 illud
558 750 607 808 ipse
620 752 676 794 Deus
689 749 780 794 videtur
790 764 923 807 agnoseere;
936 751 967 795 ad

87 833 160 864 umam
174 818 234 862 enim
253 819 335 863 coitum
353 809 456 879 concepit
476 819 538 879 (Gen.
557 819 644 881 38‚18).
660 821 745 865 Pheres
761 824 838 865 autem
856 836 901 865 non
914 821 967 865 ideo

87 890 186 951 pertinet
201 889 230 933 ad
245 890 403 948 genealogiam
416 891 469 950 quia
481 891 541 935 filius
553 894 587 935 est
598 906 612 935 a
625 891 678 936 luda
689 893 790 950 genitus,
802 892 843 936 sed
854 892 966 952 quiaiure

87 961 195 1006 leriratus
211 977 224 1005 a
239 964 311 1005 matre
326 962 425 1006 Thamar
439 977 483 1021 pro
499 963 578 1006 marito
595 962 703 1007 defuneto·
714 966 763 1007 erat
773 964 890 1022 expetitus.
903 963 966 1008 Unde

87 1047 170 1077 nomeu
185 1033 284 1077 Thamar
296 1033 390 1092 ponitur
403 1034 426 1076 in
436 1033 582 1091 genealogia,
600 1037 626 1077 ut
635 1035 676 1078 hoe
686 1035 723 1079 ius
736 1035 809 1078 valere
823 1034 964 1079 ostendatur.

87 1105 119 1147 lta
129 1104 195 1148 simul
206 1101 300 1148 libertas
313 1104 428 1147 electionis
440 1104 532 1148 divinae
545 1104 703 1160 adumbratur,
717 1105 769 1168 qui,
783 1106 817 1148 uti
827 1105 880 1150 aliis
890 1120 966 1150 exem-

86 1176 131 1234 plis
152 1177 249 1230 constat,
270 1174 351 1219 eserie
366 1175 538 1233 progenitorum
554 1175 638 1219 Christi
655 1189 690 1219 eos
708 1175 806 1220 excludit
825 1176 964 1236 quandoque

87 1246 127 1305 qui
137 1260 189 1289 vere
199 1249 337 1303 genuerunt,
350 1260 388 1290 eos
402 1249 477 1290 autem
492 1237 583 1289 assumit
594 1245 625 1289 ad
635 1260 684 1290 eum
693 1246 804 1290 honorem
814 1248 856 1305 qui
865 1262 911 1290 non
920 1248 976 1306 ipsi.
1018 1240 1021 1244 ¹

86 1319 215 1374 genuerunt
235 1316 273 1377 (of.
294 1316 383 1361 Grinario
400 1317 423 1363 in
440 1317 548 1373 Theolog.
566 1316 751 1373 Qriartalsehrift,
769 1317 887 1375 Ttthingen
907 1321 964 1362 1859
1023 1339 1028 1342 <

85 1403 108 1446 p.
126 1388 185 1447 t33).
201 1392 275 1447 Atque
289 1389 356 1432 simul
369 1387 425 1431 illud
436 1387 615 1447 praeformatur,
635 1403 671 1432 eos
683 1388 732 1432 fore
747 1388 804 1432 filios
814 1388 856 1432 Dei
864 1389 903 1447 qui
917 1403 963 1432 non

86 1459 272 1516 exsanguinibus
287 1464 360 1518 neque
371 1474 397 1503 er
409 1459 523 1503 voluntate
537 1459 588 1514 viri,
603 1458 643 1502 sed
654 1474 679 1503 ex
691 1461 738 1503 Deo
752 1460 798 1503 nati
808 1461 870 1513 sunt,
889 1474 963 1519 neque

86 1544 164 1573 coram
181 1533 223 1584 Deo
240 1530 315 1573 valere
337 1525 411 1574 unum
426 1530 504 1574 illud:
524 1529 565 1573 filii
581 1529 696 1574 Abraham
714 1544 801 1587 sumus,
823 1530 909 1590 quippe
922 1531 966 1590 qui-

86 1601 156 1644 etiam
170 1615 195 1644 ex
208 1600 323 1660 lapidibus
337 1601 397 1645 frlios
414 1601 530 1645 Abraham
545 1601 653 1645 suscitare
667 1601 746 1660 possit.
762 1600 785 1644 ld
799 1601 824 1645 in
840 1601 892 1658 lege
903 1600 961 1644 levi*

85 1674 148 1714 ratus
159 1686 183 1714 eo
196 1671 263 1715 modo
279 1671 428 1715 adumbratur
444 1671 485 1730 qui
499 1671 592 1715 umbrae
613 1675 702 1731 ectypo
716 1671 827 1715 convenit,
842 1674 867 1714 ln
882 1670 961 1715 eadem

85 1743 137 1799 lege
150 1742 216 1786 etiam
225 1742 394 1801 praeformatur
406 1742 430 1785 id
442 1741 506 1800 quod
519 1742 543 1784 in
551 1742 634 1800 loseph
643 1742 691 1785 riro
703 1742 786 1785 Mariae
798 1743 911 1785 cernimus
921 1743 961 1801 qui

84 1817 151 1871 pater
163 1813 244 1857 Christi
252 1813 381 1872 appellatur
390 1816 411 1856 et
420 1816 460 1868 est,
471 1813 573 1872 quamvis
582 1808 677 1856 minime
687 1826 740 1856 eum
751 1813 862 1869 genuerit.

111 1926 185 1965 Iudam
197 1938 220 1966 eo
231 1926 344 1966 concubitu
354 1936 453 1977 peccasse
466 1926 529 1977 plane
541 1928 621 1966 certum
635 1928 675 1975 est;
685 1926 773 1978 putabat
785 1925 841 1965 enim
856 1936 903 1965 eam
914 1937 960 1966 esse

85 1991 224 2031 meretricem.
238 1991 306 2037 Quare
320 1991 398 2030 merito
412 1990 462 2030 dicit
472 1991 495 2030 S.
514 1990 582 2042 Clarae.
596 2002 604 2030 .·
616 2004 626 2026 a
640 1990 683 2041 ipse
697 1990 815 2042 patriarcha
830 1990 869 2042 qui
884 2003 960 2030 nomen

85 2055 163 2094 indidit
174 2056 229 2107 genti
241 2067 285 2094 non
298 2056 408 2109 modicum
422 2056 443 2094 in
456 2057 566 2107 peccatum
579 2055 653 2107 lapsus
666 2058 773 2104 narratum
785 2058 825 2095 stat
839 2055 960 2095 1111111111-

84 2120 185 2160 mareins
198 2120 358 2160 fornicationem
374 2131 500 2159 accusans„
516 2120 604 2170 proinde
618 2120 708 2159 ostendit
723 2120 787 2159 etiam
799 2131 890 2172 proavos
903 2121 959 2172 ipsos
991 2143 992 2146 =

84 2187 173 2237 peceato
184 2180 285 2225 obnoxios
299 2186 371 2226 fuisse.
384 2185 434 2225 lnde
446 2196 532 2236 quoque
543 2184 663 2224 iactantiam
675 2185 700 2224 de
710 2184 873 2236 progenitorum
881 2185 958 2227 nobili-

66 2280 67 2283 ,
84 2253 126 2291 tate
138 2250 265 2303 deprimit».
276 2251 344 2301 Atque
354 2252 406 2290 Bar.
417 2250 508 2290 advertit
520 2261 524 2288 :
536 2265 545 2285 «
557 2250 627 2289 omnis
636 2249 701 2300 gloria
711 2249 783 2299 gentis
793 2250 890 2288 iudaicae
900 2248 959 2302 (dicit

85 2314 210 2368 hupertus),
222 2316 299 2355 cuncta
311 2315 411 2355 nobilitas
425 2314 497 2366 populi
509 2313 554 2353 eius
565 2325 589 2352 en
599 2313 641 2352 hoc
650 2313 730 2365 flagitio
741 2313 850 2364 profluxit,
863 2316 887 2353 ut
896 2326 958 2354 omne

84 2393 106 2421 os
120 2382 243 2422 obstruatur
259 2381 318 2421 etde
331 2380 414 2420 meritis
426 2380 469 2419 suis
483 2389 546 2418 nemo
558 2379 667 2431 glorietur,
682 2377 778 2419 Christus
790 2390 874 2430 quoque
886 2380 910 2418 ab
925 2379 957 2418 his

84 2446 254 2498 progenitoribus
269 2446 325 2486 nasci
338 2445 417 2494 voluit,
432 2443 504 2496 utqui
520 2446 605 2497 propter
619 2446 739 2495 peccatores
755 2446 839 2483 venerat
856 2442 894 2496 (ait
909 2444 957 2484 Hie-

84 2523 186 2562 ronymus
202 2509 275 2552 Matth.
291 2510 310 2564 1)
323 2511 348 2551 de
361 2509 512 2563 peccatoribus
527 2521 614 2550 nascens
629 2509 724 2549 omnium
743 2511 828 2561 peccata
843 2509 924 2549 deleret
938 2514 958 2549 et

84 2579 211 2629 Augustinus
225 2578 274 2617 libr.
289 2579 314 2617 11
330 2580 405 2617 contra
420 2578 520 2617 Faustum
535 2588 578 2628 cap.
590 2577 618 2616 61
633 2574 727 2615 Salvator
741 2573 823 2628 (inquit)
834 2586 879 2614 non
892 2575 958 2615 solum

84 2642 191 2693 loquendo
202 2643 238 2683 sed
252 2643 315 2683 etiam
327 2642 435 2683 nascendo
445 2641 547 2694 magister
557 2641 645 2681 exstitit.
655 2640 737 2681 Fideles
750 2639 805 2679 enim
820 2639 866 2679 eins
877 2642 957 2680 venturi

85 2718 109 2746 en
119 2709 217 2749 omnibus
229 2708 328 2760 gentibus
340 2708 405 2748 etiam
421 2707 518 2759 exemplo
532 2707 598 2747 carnis
611 2696 679 2757 ipsiirs
692 2705 775 2745 discere
789 2704 907 2744 debuerunt
921 2717 956 2756 pa-

84 2776 169 2813 rentum
180 2786 265 2815 suorum
275 2773 397 2825 iniquitates
408 2772 447 2812 sibi
456 2773 532 2813 obesse
541 2784 581 2812 non
589 2782 662 2823 posse;
672 2769 761 2822 proinde
770 2780 859 2821 sponsus
870 2769 905 2809 ille
915 2771 958 2811 suis

85 2849 201 2890 congruens
215 2839 310 2880 invitatis
323 2840 359 2891 qui
373 2840 486 2878 vocaturus
500 2840 543 2876 erat
555 2837 579 2876 ad
592 2835 679 2887 nuptias
691 2837 760 2876 bonos
774 2839 794 2874 et
806 2835 884 2884 malos,
896 2834 957 2874 etiam

83 2904 141 2942 nasci
151 2905 217 2945 voluit
227 2905 253 2945 de
268 2905 328 2944 bonis
343 2906 364 2945 et
379 2903 441 2943 malis
454 2919 471 2941 a.
485 2903 525 2949 En,
538 2903 586 2952 quot
600 2901 728 2953 documenta
739 2912 765 2940 111
773 2900 812 2940 hac
821 2900 957 2952 genealogiae

84 2970 143 3018 parte
159 2970 292 3021 colliguntur.
307 2971 359 3011 Vere
373 2970 427 3010 haee
439 2969 538 3008 dicuntur
549 2968 566 3007 si
579 2967 646 3007 solius
659 2967 720 3007 Iudae
734 2966 790 3005 ratio
802 2965 900 3024 hahetur.
918 2965 957 3005 Sed

77 3024 165 3073 adverti
182 3035 243 3074 dehet
257 3035 335 3075 Pheres
349 3037 370 3076 11
387 3036 458 3078 Zaram
473 3044 519 3073 non
538 3032 692 3080 connumerari,
709 3031 761 3085 quia
774 3031 805 3070 vel
822 3030 918 3082 quamvis
934 3041 958 3069 er

84 3095 166 3138 incestu
182 3099 220 3139 orti
238 3099 291 3144 sint,
309 3100 345 3140 sed
362 3100 412 3152 (ruia
430 3099 545 3139 alhamar
559 3110 595 3150 pro
612 3097 689 3137 marito
707 3096 816 3145 defuncto,
835 3095 881 3135 filio
896 3095 956 3134 Iudae
