2211 3575
397 197 400 203 ’
462 209 535 239 aaran.
552 199 571 247 l,
588 199 619 238 ro.
930 175 985 241 ¹ror
1013 245 1015 248 ,

99 295 171 353 prodit
188 314 206 337 a.
224 299 249 338 Et
265 296 287 338 S.
302 298 447 340 Beracrdiaau
464 301 560 341 senensis
577 301 689 353 profitetur
708 299 731 339 in
749 310 846 340 sermone
864 298 932 351 primo
955 299 980 338 de
1049 347 1051 349 ,

100 366 120 405 S.
132 363 222 415 losepho
234 363 263 416 (in
272 366 331 405 tomo
340 368 359 413 la,
368 366 462 407 Venetiis
475 357 525 407 lllh
537 379 557 419 p.
569 365 615 418 233)
627 379 650 407 se
661 365 728 418 magis
738 354 853 406 adhaerere
863 364 981 404 sententiae
995 390 998 396 -

101 420 174 470 eorum
183 429 220 480 qni
230 428 310 478 dicunt,
326 446 336 468 a
346 432 401 483 qnod
412 431 494 472 viriste
505 435 596 484 utraque
610 437 668 484 parte
680 444 795 472 concussus
810 434 831 471 et
841 442 879 482 pro
890 431 980 480 utraque

100 496 159 548 parte
170 494 263 547 allegans
274 497 344 536 neutri
356 498 410 548 parti
420 497 547 547 simpliciter
554 486 687 545 adhaerebat,
698 497 735 536 sed
746 498 814 536 stabat
824 497 896 536 mente
904 495 981 535 attoni-

100 566 133 601 tus
141 563 162 606 et
172 572 296 612 suspensus.
306 564 359 602 Nam
367 574 392 602 ex
400 552 444 602 una
451 565 511 614 parte
520 564 565 601 erat
574 561 715 602 fortissimum
724 564 876 613 argumentum
883 563 979 608 naturae,

101 626 197 678 quamvis
211 626 265 667 illud
280 639 321 667 non
338 629 395 668 esset
405 628 451 667 vvsibi
466 629 548 676 notum,
561 627 604 667 nisi
618 627 641 667 in
655 627 700 667 sola
716 621 980 667 exteriori'tomefactione
997 619 998 623 ’

100 692 155 732 uteri
166 682 202 731 aut
212 692 303 732 aliorum
314 692 461 733 consimilium
471 692 587 749 signorum.
597 695 625 733 Er
632 692 698 733 altera
707 694 767 744 parte
774 692 899 744 pugnabant
907 690 981 731 omnia

100 769 155 809 quae
164 757 189 796 al]
198 757 260 798 initio
271 758 297 798 de
307 757 395 810 virginis
406 755 609 798 sanctitateviderat
618 761 639 799 et
649 757 747 799 audierat
758 761 779 798 ot
789 769 843 809 quae
852 769 890 809 por
901 757 980 809 specia-

100 824 142 864 lem
156 823 309 874 experientiam
324 826 434 875 acceperat
449 828 469 864 et
482 826 638 875 gustaverat...;
651 835 675 863 ex
690 828 777 875 stupore
791 822 856 875 igitur
869 821 980 872 utriusque
1001 848 1003 850 ψ

99 888 165 941 partis
181 889 244 928 simul
260 891 358 941 sumptae
375 889 459 929 volebat
473 890 555 930 occulte
570 889 678 929 dimittere
692 900 740 928 eam
753 890 864 940 tamquam
878 899 925 927 rem
938 887 980 927 sibi

99 955 195 1006 ignotam
206 956 227 994 et
236 966 298 994 snum
310 952 413 995 iudicium
423 955 611 996 transcendentem
621 970 640 994 a.
653 956 722 1007 htque
732 952 755 994 S.
765 946 915 994 Beneuentum
925 965 979 1005 quo-

99 1031 141 1071 que
150 1031 193 1059 non
203 1019 283 1059 dubitat
294 1031 332 1060 sua
345 1020 414 1060 facere
424 1021 490 1060 verba
500 1020 536 1060 illa
546 1032 600 1071 quae
608 1021 631 1059 in
639 1032 674 1071 op.
683 1020 735 1071 imp.
745 1019 835 1071 legimus
843 1021 864 1058 et
870 1030 925 1070 quae
932 1019 978 1069 ipse

99 1085 174 1135 utique
188 1085 208 1124 S.
220 1085 366 1135 Chrysostomi
380 1095 426 1124 esse
438 1087 500 1136 putat
510 1097 514 1124 :
525 1097 536 1124 o
548 1085 652 1125 ineffablis
664 1086 710 1125 laus
726 1085 810 1133 Mariae,
822 1084 891 1136 magis
906 1084 979 1123 crede-

98 1151 134 1190 bat
141 1150 216 1201 Ioseph
225 1149 316 1189 castitati
327 1150 373 1189 eius
385 1152 424 1189 etc.
434 1148 560 1202 (Speculum
568 1150 589 1189 b.
600 1149 707 1207 llariaeV.
716 1149 767 1188 lect.
776 1150 799 1188 ll
807 1161 811 1196 ;
820 1161 885 1201 opera
895 1149 915 1189 S.
924 1150 976 1189 Bon.

99 1216 131 1255 ed.
145 1215 229 1261 Pellier,
241 1214 327 1254 Parisiis
339 1215 398 1262 1868,
409 1217 462 1254 tom.
475 1217 500 1254 ll
509 1227 530 1266 p.
542 1213 597 1267 ⁶288).

124 1281 218 1322 Eandem
232 1278 361 1320 sententiam
374 1280 440 1320 etiam
450 1280 551 1332 proponit
564 1279 640 1320 breiaco
651 1280 673 1319 in
684 1281 725 1332 ap.
737 1292 772 1331 qu.
782 1281 808 1319 ⁶29
818 1283 856 1320 art.
865 1282 889 1328 23
901 1279 955 1331 disp.
966 1272 979 1317 ‘l
1042 1285 1043 1288 ’

48 1369 51 1375 .
97 1349 148 1387 sect.
162 1347 174 1386 a
186 1359 207 1385 n.
220 1348 231 1386 6
245 1346 290 1385 scil.
302 1345 416 1397 losephom
431 1347 479 1385 ante
495 1345 564 1397 angeli
579 1346 731 1386 revelationem
745 1346 798 1384 nihil
809 1345 860 1385 mali
874 1344 900 1385 de
913 1346 978 1384 lllaria

96 1411 202 1451 iudicasse
218 1414 254 1451 aut
269 1411 400 1463 suspicatum
415 1422 472 1460 esse3
491 1411 625 1463 eandemque
646 1422 670 1451 er
687 1411 840 1462 interpretibus
859 1413 979 1461 sequuntur

97 1476 155 1528 Sala
166 1475 221 1532 Lep.
238 1476 280 1516 Ta'r.
292 1476 345 1516 Mea.
359 1468 436 1527 Calai.;
446 1477 475 1516 ita
489 1489 509 1515 v.
520 1490 540 1528 g.
554 1467 611 1529 Splc.
625 1476 670 1529 (lib.
682 1478 693 1516 l
707 1488 751 1529 cap.
762 1477 787 1516 lo
797 1488 834 1528 qu.
845 1475 865 1529 'll
877 1488 881 1516 :
894 1492 904 1513 c
915 1477 978 1516 tertia

96 1543 202 1583 sententia
212 1545 233 1582 et
243 1554 291 1583 vera
302 1554 350 1581 meo
364 1541 446 1582 iudicio
460 1541 552 1582 affirmat
564 1543 585 1582 b.
597 1542 674 1594 Ioseph
687 1541 742 1581 nihil
752 1542 803 1582 mali
815 1542 840 1581 de
850 1542 870 1581 b.
882 1541 977 1593 Virigine

96 1608 161 1648 inisse
172 1608 302 1660 suspicatum
310 1609 331 1647 et
338 1607 401 1647 illum
411 1607 499 1646 latuisse
508 1607 661 1651 lncarnationis
671 1608 799 1658 mysterium
807 1619 831 1646 ac
838 1606 928 1659 proinde
937 1618 977 1645 nec

91 1663 178 1713 vbonum
191 1684 231 1713 nec
244 1661 325 1713 malum
337 1672 475 1721 existimasse,
488 1672 524 1712 sed
540 1672 631 1712 maxima
644 1672 752 1712 dubietate
766 1672 871 1712 iudicium
886 1683 976 1724 suspen-

96 1739 153 1778 disse
161 1754 169 1774 »
177 1751 182 1787 3
191 1737 274 1777 ellico.
283 1751 288 1777 :
297 1753 307 1773 a
312 1749 356 1776 non
363 1737 463 1777 iudicavit
469 1737 577 1788 Virginem
585 1744 610 1777 erl
617 1737 722 1777 adulterio
731 1737 864 1789 concepisse,
873 1737 910 1776 sed
919 1737 975 1777 unde

97 1809 132 1844 aut
140 1803 248 1855 quomodo
256 1802 389 1853 concepisset
396 1801 508 1850 dubitavit,
518 1803 538 1841 et
547 1803 651 1852 quia-non
660 1814 684 1841 er
692 1814 714 1842 se
724 1802 847 1854 concepisse
857 1805 914 1843 certo
923 1802 976 1842 scie-

96 1871 138 1915 bat,
151 1868 258 1909 dimittere
272 1867 340 1908 voluit
354 1867 376 1906 in
390 1867 486 1918 aliquam
499 1867 563 1907 aliam
577 1867 687 1919 regionem
698 1868 802 1919 proticisci
816 1869 912 1919 cogitans
922 1880 944 1922 »i
956 1871 977 1908 et

98 1933 163 1974 Colla.
176 1947 182 1973 ι
194 1949 204 1971 a
216 1936 264 1974 ante
275 1933 345 1985 angeli
355 1933 442 1973 affatum
453 1944 502 1972 cum
513 1933 590 1973 llariae
601 1933 725 1985 pudicitiam
737 1935 757 1973 et
766 1934 900 1974 sanctitatem
912 1933 977 1989 sciret

96 2000 156 2039 illam
166 1999 345 2050 nequedamnare
356 1998 466 2049 nequeuti
478 1997 594 2038 adulteram
605 1998 718 2038 traducere
729 2010 792 2039 ausus
803 2002 846 2047 est‚·
854 2000 899 2038 vim
905 1999 975 2050 potius

97 2076 180 2116 passam
189 2076 236 2105 esse
247 2063 338 2104 credidit
348 2067 384 2103 aut
394 2063 467 2114 ignota
477 2061 549 2115 aliqua
560 2075 583 2103 ex
595 2076 658 2104 cansa
666 2066 737 2104 ortum
747 2075 792 2104 esse
803 2064 825 2103 id
836 2065 892 2115 quod
904 2076 976 2105 cerne-

96 2132 132 2170 bat
142 2141 206 2182 quam
217 2142 242 2170 ex
251 2130 309 2181 turpi
319 2129 377 2168 illius
388 2129 551 2178 consuetudine.
560 2130 582 2169 ld
594 2130 664 2169 solum
675 2141 718 2169 asc
728 2122 831 2181 praestari
842 2141 904 2181 posse
915 2133 975 2182 puta-

95 2196 127 2235 vit
137 2207 162 2235 ex
172 2195 286 2246 aequitatis
300 2194 389 2245 legibus,
401 2197 424 2234 ut
437 2205 464 2233 ne
478 2194 528 2245 quid
543 2193 644 2235 iudicaret
654 2197 717 2246 atque
731 2207 742 2234 e
755 2195 823 2246 patrio
837 2196 881 2235 solo
894 2195 974 2247 aliquid

96 2263 195 2302 causatus
209 2260 336 2307 discederet,
347 2260 380 2298 rel
394 2260 449 2298 clam
463 2260 554 2310 geminis
570 2262 652 2298 tantum
668 2259 859 2299 testibus-divortii
875 2260 974 2300 libellum

97 2326 172 2366 Mariae
184 2326 299 2372 exhiberet,
308 2335 353 2364 non
366 2324 435 2374 palam
447 2319 526 2363 etcum
538 2325 642 2376 probro».
654 2325 677 2363 In
688 2324 779 2364 eandem
792 2325 834 2365 fere
846 2327 974 2366 sententiam

96 2392 161 2431 etiam
172 2389 249 2444 Schepp
265 2390 356 2442 explicat
366 2392 387 2428 et
396 2387 495 2428 illescliler
510 2388 588 2441 (hohen
603 2401 692 2430 anseres
706 2391 773 2430 Herrn
787 2391 805 2430 l.
817 2390 872 2430 Chi
884 2404 905 2443 p.
918 2392 973 2444 lla).

77 2486 79 2491 .
96 2458 186 2510 losepho
198 2456 286 2496 omnino
298 2455 323 2495 de
337 2454 458 2495 innocentia
467 2454 558 2506 Virginis
573 2466 696 2507 persuasum
709 2454 775 2495 fuisse
786 2454 877 2509 Keppler
888 2469 974 2509 qnoque

95 2526 154 2562 tenet
170 2524 190 2562 et
199 2522 288 2574 insuper
301 2521 360 2561 addit
371 2521 432 2561 valde
446 2531 492 2560 esse
504 2521 622 2572 probabile,
635 2532 685 2561 eum
697 2520 778 2572 aliquid
788 2521 885 2562 miraculi
896 2525 917 2563 et
927 2535 975 2574 mp-

96 2589 155 2629 sterii
170 2587 237 2628 divini
252 2586 380 2636 coniecissep
392 2594 465 2626 veram
480 2598 505 2626 er
520 2593 544 2626 eo
561 2587 619 2638 quod
632 2588 688 2626 Deus
705 2587 740 2626 tali
755 2586 857 2627 miraculo
868 2589 974 2639 Virginem

95 2655 219 2694 honorasset
231 2651 271 2692 sihi
286 2663 331 2692 esse
342 2652 489 2692 recedendum
503 2650 676 2700 existimassent
689 2653 745 2691 Deus
756 2652 822 2692 libere
834 2652 859 2692 de
869 2664 894 2692 ea
905 2654 974 2705 dispo-

95 2723 165 2768 neret3
177 2730 225 2759 eum
236 2717 280 2758 scil.
294 2729 317 2757 ex
329 2718 421 2768 eoquod
435 2717 477 2769 ipsi
491 2717 517 2769 de
531 2718 567 2757 illo
579 2717 682 2769 mysterio
693 2717 750 2756 'nihil
761 2718 922 2758 annuntiaretur
933 2721 975 2760 col-

96 2785 171 2837 legisse
181 2785 255 2825 foedus
265 2781 328 2823 suum
341 2794 389 2822 oum
401 2783 465 2822 Maria
474 2794 513 2835 per
522 2783 592 2834 ipsum
603 2784 670 2822 Deum
680 2782 739 2821 solvi.
749 2805 776 2810 -
783 2783 890 2824 Verumsi
901 2783 919 2823 is
930 2788 976 2825 erat

92 2850 160 2889 'animi
172 2850 218 2889 eius
230 2860 311 2897 sensus
324 2848 367 2887 iam
378 2841 561 2898 non‘intelligitur,
574 2846 680 2898 quomodo
691 2838 796 2900 explicari
801 2848 868 2900 possit
879 2861 884 2889 :
897 2852 918 2890 et
928 2852 974 2891 nol-

97 2915 125 2954 let
136 2922 181 2955 eam
190 2915 307 2955 traducere.

125 3006 194 3047 Beata
204 3003 272 3059 Virgo
281 3005 365 3047 secreta
378 3001 482 3046 coelestia
492 3001 637 3046 manifestare
650 3017 694 3046 non
710 3006 758 3047 erat
768 3004 829 3047 iussa
838 3003 867 3047 ab
879 2992 973 3061 angelo;

96 3078 189 3132 experta
199 3077 233 3116 est
246 3074 269 3116 in
279 3074 348 3118 domo
362 3072 482 3118 Zachariae
493 3076 564 3117 Deum
574 3074 649 3132 ipsum
661 3073 795 3131 mysterium
806 3075 975 3120 communicare
1032 3075 1033 3078 ’

96 3144 180 3200 quibus
191 3144 300 3198 voluerit3
312 3145 389 3189 dicens
403 3158 452 3189 ecce
465 3144 552 3190 ancille
565 3144 659 3189 Dcnaz'na'
668 3160 715 3190 sese
728 3146 851 3205 planetico
863 3148 974 3191 commisit
