2211 3575
435 235 516 300 arilli:
529 260 549 310 a,
565 260 620 301 a-ro.
831 236 832 242 '
936 261 973 302 ars

71 382 72 386 =
86 358 168 403 incutis
180 357 309 415 intentione
322 358 406 419 aliquis
416 361 558 418 cogitaverit,
573 374 643 421 supra
652 360 711 406 illud
721 376 816 421 prorsus
828 360 897 406 estid
908 361 970 421 quod

86 429 240 486 significatum
252 429 270 474 si
284 430 369 475 bonum
387 433 512 476 volcarum
524 435 546 476 et
556 428 724 477 'honorandum
733 434 772 477 vel
785 432 885 478 sublime
895 430 968 477 nomi·
983 444 984 448 ’

47 529 48 532 =
85 501 176 546 noveris
188 501 213 546 id
224 501 287 562 quod
298 501 359 547 iuxta
371 503 542 548 beatitudinem
552 504 610 547 hanc
624 518 668 562 per
677 503 851 562 promissionem
862 505 968 564 proposi·
980 522 982 526 ¹

85 575 134 616 tum
143 575 185 626 est,
199 574 297 634 amplius
308 588 374 633 quam
388 589 432 633 pro
443 573 611 631 significatione
621 573 717 618 illorum
730 576 851 619 nominum
862 575 966 619 declara-

85 648 122 688 tur
133 661 144 686 u
159 647 216 700 eto.;
227 646 298 705 idque
309 645 368 690 inter
378 645 425 690 alia
437 645 537 689 illustrat
547 660 573 689 ex
585 659 611 689 eo
625 645 688 704 quod
701 648 733 690 est
746 645 817 690 homo
826 647 850 690 iu
863 661 888 690 se
900 645 967 705 (terra

85 710 194 772 noctuis,
214 718 294 762 lenum
313 717 386 761 omnis
410 730 473 771 caro,
491 716 591 780 vanitas,
616 717 717 776 miseria)
735 719 758 761 et
782 732 808 761 ex
826 718 967 762 sublimitate

85 788 215 847 adoptionis
228 788 321 832 divinae
335 786 371 847 (de
385 787 465 832 beatit.
478 788 551 832 oratio
561 792 585 842 73
596 790 629 833 M.
640 792 737 842 aarum
748 788 817 848 saep).
843 832 844 836 ,

113 861 133 903 S⁴
144 859 273 919 Stephanus
287 859 376 918 quaerit
387 857 414 903 eir
424 854 512 904 ludaeis
522 871 528 903 ε
539 874 607 919 quom
617 859 788 919 prophetarum
798 875 844 904 non
852 862 966 919 persecuti
998 868 1001 872 '

84 933 135 974 sunt
144 934 222 990 patres
232 931 301 974 vestri
313 930 367 990 (Act.
383 929 462 990 7,52)‘l
471 930 582 991 idemque
593 934 656 992 lesus
666 930 742 975 innuit
753 946 758 975 :
774 931 898 976 Ierusalem
908 946 965 991 quae

84 1001 166 1046 occidis
177 1003 303 1062 prophetas
318 1006 359 1047 etc.
373 1002 459 1062 (llatth.
470 1007 506 1058 23,
519 1002 565 1063 37).
578 1005 673 1062 insuper
681 1003 812 1062 frequentes
820 1006 873 1048 sunt
883 1003 909 1047 in
917 1007 962 1048 vet.

85 1076 133 1118 test.
146 1073 254 1133 querelae
264 1074 294 1117 de
305 1075 451 1133 oppressione
461 1076 483 1117 et
491 1074 607 1118 aerumnis
617 1074 710 1132 piorum
720 1074 765 1133 (Ps.
776 1078 839 1130 aab
851 1079 917 1129 3823
927 1078 962 1131 72,

64 1140 66 1143 ⁴
85 1148 105 1188 3.
121 1144 160 1188 lob
175 1148 239 1199 9323
252 1144 323 1203 lm).
340 1145 394 1188 lnde
408 1145 455 1188 iarn
468 1143 577 1200 concludi
590 1145 667 1204 potuit
676 1145 722 1188 lore
732 1147 759 1188 ut
774 1145 842 1190 etiam
854 1145 880 1190 in
892 1158 963 1203 regno

83 1215 196 1260 messiano
207 1215 239 1274 pii
249 1230 297 1259 non
311 1214 376 1275 plane
385 1216 514 1260 eximantur
523 1214 748 1260 ab'infestationibus
756 1216 880 1261 malorum.
892 1217 964 1260 Etiam

83 1286 165 1332 clarius
175 1286 201 1331 id
211 1286 288 1344 colligi
296 1286 374 1350 potuit
384 1302 412 1331 ex
419 1286 536 1346 aliquibus
545 1287 659 1331 vaticiniis
668 1287 800 1340 messianis3·
809 1287 841 1331 ita
850 1288 868 1331 si
877 1287 964 1332 Messias

82 1358 152 1402 veluti
168 1360 285 1417 pugnator
301 1357 439 1403 describitur
449 1358 574 1418 quihabet
588 1358 719 1402 certaminis
731 1357 805 1402 socios
816 1358 857 1418 (Ps.
874 1361 963 1417 teht-8)

81 1429 104 1473 id
115 1429 177 1488 qnod
187 1430 259 1487 magis
269 1430 402 1475 declaratur
409 1430 475 1474 Zach.
489 1434 543 1484 13‚7
553 1444 557 1475 :
569 1433 663 1489 percute
672 1432 789 1489 pastorem
797 1433 818 1473 et
829 1430 963 1490 dispergen—
1016 1431 1018 1434 ’

83 1504 120 1545 tur
133 1515 194 1555 oves,
209 1504 231 1545 et
246 1501 264 1546 si
278 1502 341 1561 apud
357 1501 403 1546 Ioel
421 1506 458 1555 3,9
472 1516 519 1561 seq.
536 1501 677 1560 praedicitur
692 1502 715 1546 in
727 1501 780 1561 ipsa
794 1501 892 1560 periodo
904 1517 963 1546 mes-

81 1572 144 1616 siana
153 1572 203 1616 lore
219 1573 324 1617 incursus
337 1572 429 1617 hostiles
445 1572 529 1632 quibus
545 1574 634 1617 fortiter
649 1572 677 1617 sit
691 1572 831 1617 obviandum
843 1572 880 1632 (ol.
898 1576 962 1618 Com—

81 1647 150 1687 ment.
165 1644 191 1687 in
207 1645 290 1702 Proph.
309 1644 364 1687 min.
382 1647 391 1688 l
409 1659 432 1703 p⁴
448 1645 497 1701 aaa)
511 1643 550 1686 uel
566 1644 583 1687 si
599 1644 661 1702 apud
677 1643 811 1687 Zachariam
821 1640 961 1688 theocratiae

81 1730 172 1774 quoque
181 1715 320 1759 instauratae
330 1707 455 1759 certamina
463 1718 484 1758 et
492 1715 663 1774 persecutiones
671 1715 757 1759 instare
766 1715 862 1758 edicitur
871 1730 923 1775 cap.
934 1720 961 1759 12

80 1800 126 1845 seq.
139 1786 178 1845 (cf.
196 1788 322 1830 Gomrnent.
335 1789 353 1829 ll
366 1801 389 1845 p.
406 1790 448 1830 359
460 1785 528 1845 sem).
543 1785 605 1830 Hisce
617 1786 700 1845 itaque·
711 1785 860 1829 consideratis
869 1786 961 1830 infesta-

80 1857 151 1902 tiones
161 1858 213 1901 lore
223 1858 289 1914 regni
300 1856 407 1902 messiani
420 1857 486 1901 facile
496 1857 605 1915 sequitur,
615 1852 688 1916 quue
698 1857 798 1901 Christus
807 1860 885 1916 aperte
897 1857 961 1902 docet

82 1933 103 1973 et
119 1933 199 1974 contra
216 1928 302 1973 iudicia
320 1928 442 1972 hominum
459 1927 631 1972 mundanorum
641 1920 673 1971 ¹et
689 1931 770 1971 contra
785 1927 960 1987 pharisaeorum

79 2001 132 2044 odia
144 2001 229 2061 quibus
242 1999 383 2044 adversarios
392 2013 441 2048 esse
450 1989 621 2058 persequendos
633 2002 656 2043 et
670 1998 833 2058 opprimendos
845 1998 965 2049 existimas
1029 2048 1030 2051 ,

79 2072 134 2116 bant
144 2072 194 2131 ipse
208 2070 325 2130 praedicat
334 2085 355 2115 v.
368 2075 395 2114 10
412 2071 473 2115 beuti
486 2069 528 2129 qul
541 2071 720 2129 persecutionem
729 2069 853 2130 patiuntur
865 2078 960 2130 propter

79 2143 206 2198 iristitiam·
218 2145 295 2187 monet
305 2156 352 2186 non
360 2142 467 2186 homines
477 2142 518 2201 qui
531 2144 698 2202 persequantur
707 2142 745 2185 sed
755 2155 846 2186 causam
855 2141 960 2186 conside-

79 2229 129 2259 rare
143 2217 249 2274 oportere
265 2213 311 2273 (op.
329 2207 406 2272 dup.)}
426 2212 510 2257 iustitia
525 2216 600 2256 autem
615 2227 730 2257 summum
744 2212 806 2256 illud
822 2213 910 2257 bonum
925 2218 959 2258 est

79 2286 139 2345 quod
153 2299 226 2343 regno
237 2284 350 2328 messiano
363 2284 431 2328 nobis
447 2284 541 2328 affertur
552 2285 574 2327 et
587 2285 669 2342 inquo
682 2283 739 2327 ratio
752 2283 818 2341 quasi
828 2283 877 2328 eius
890 2298 958 2342 prae-

78 2357 144 2417 cipua
151 2355 291 2410 continetur3
302 2354 354 2399 vide
362 2355 391 2399 ad
400 2370 422 2398 v.
434 2350 457 2409 63
467 2354 555 2398 iustitia
564 2354 776 2412 summaquaedam
782 2356 814 2398 est
823 2357 844 2398 et
851 2369 958 2414 compre-

78 2428 156 2473 hensio
165 2427 285 2482 virtutum,
297 2426 334 2470 vel
345 2428 369 2470 ut
381 2427 406 2471 S.
423 2425 500 2485 Clausa
512 2426 623 2485 loquitur,
637 2427 686 2469 tota
697 2425 789 2469 animae
799 2425 955 2485 philosophia.
1012 2485 1014 2488 Ι

78 2500 174 2544 Proinde
189 2499 269 2543 beatus
284 2499 303 2542 is
322 2500 355 2543 est
371 2497 411 2557 qui
429 2490 524 2558 propter
539 2512 636 2555 reguum
652 2496 793 2541 messianum
809 2498 844 2541 vel
860 2489 958 2558 propter

78 2571 165 2631 aliquid
177 2570 208 2614 ad
217 2569 275 2615 illud
283 2570 400 2629 pertinens
412 2572 451 2613 aut
462 2571 557 2629 propter
566 2569 669 2628 aliquam
677 2568 785 2613 virtutem
792 2567 955 2624 infestationes7

78 2644 137 2694 odia,
151 2640 292 2696 inimicitias,
316 2641 379 2685 varia
394 2641 479 2685 damna
496 2646 519 2684 et
534 2639 684 2684 incommoda
699 2640 762 2684 obire
777 2640 865 2684 debeat.
886 2643 957 2691 Quam

77 2715 206 2759 doctrinam
223 2711 339 2772 praeclare
351 2713 571 2771 proponit'quoque
586 2715 606 2756 S.
619 2714 699 2755 Petrus
715 2725 719 2754 :
738 2710 757 2774 si
772 2710 831 2753 bene
846 2710 956 2755 facientes

76 2787 189 2846 patienter
200 2782 322 2837 sustinctis,
337 2782 392 2827 haec
405 2785 438 2827 est
450 2783 524 2840 gratia
539 2782 598 2841 apud
611 2785 710 2826 Deum...
725 2795 795 2825 nemo
805 2784 907 2825 vestrum
918 2798 956 2841 pa-

76 2858 145 2902 tiatur
159 2860 185 2900 ut
203 2854 316 2900 homicida
331 2857 368 2898 aut
380 2853 429 2907 fur3
442 2854 460 2898 si
476 2856 553 2897 autem
569 2856 594 2896 ut
608 2853 752 2906 christianus,
770 2867 817 2896 nou
828 2853 953 2909 erubescat,

76 2928 191 2986 glorificet
201 2930 276 2971 autem
287 2930 358 2970 Deum
366 2926 390 2970 in
400 2926 443 2969 isto
455 2926 548 2969 nomine
561 2922 581 2983 (1
592 2927 651 2969 Petr.
663 2928 725 2978 2203
742 2923 815 2982 t‚15).

106 3001 193 3050 Quanta
202 2998 229 3041 sit
240 2999 264 3041 in
274 2997 318 3042 tali
329 2998 470 3058 perpessione
482 2998 629 3056 praestantia,
646 2996 722 3040 multis
735 2996 849 3055 explicant
859 2999 882 3040 et
894 3011 956 3040 com-

77 3071 198 3124 mendant3
214 3068 245 3112 ita
260 3070 283 3113 S.
300 3070 368 3128 (bap.
383 3084 446 3128 ursas,
459 3069 518 3113 hane
533 3068 700 3113 beatitudinem
710 3070 776 3111 vocat
787 3066 896 3111 verticem
907 3057 955 3111 oin-

76 3143 141 3186 nium
150 3139 318 3186 beatitudinum
329 3140 353 3183 in
363 3155 452 3184 summo
463 3140 537 3198 gradu
548 3139 603 3183 boni
613 3153 717 3183 ascensus
728 3139 839 3198 positum‘,
849 3139 865 3182 S
869 3173 872 3182 .
888 3131 952 3181 Hier.

77 3211 216 3257 considerari
223 3211 272 3264 uult
281 3213 385 3254 octavam
394 3203 647 3256 verae‘circumcisionis
658 3209 826 3254 beatitudinem
836 3202 955 3252 terminari
