2239 3511
131 204 170 245 aar
472 207 548 236 alirn.
565 166 588 244 a,
600 198 671 237 ao-aa.
727 175 728 179 ’

132 296 189 348 ipsos
198 296 286 348 gentiles
296 296 377 336 laudari
389 307 426 336 eos
437 298 458 335 et
468 296 569 336 celebrari
581 296 616 348 qui
624 300 719 349 acceptas
729 287 816 338 iniurias
826 298 934 350 ignoscere
944 312 1009 352 quam

131 361 228 413 persequi
238 360 353 401 maluerint
362 364 382 402 et
393 361 517 401 Ciceronem
527 373 597 402 mores
605 358 700 403 Caesaris
709 363 844 403 extollentem
853 363 937 412 dixisse,
951 367 1008 417 quod
1042 355 1043 358 ¹

131 420 184 465 nihil
198 425 292 466 oblivisci
306 427 385 467 soleret
398 427 440 467 nisi
454 426 554 477 iniurias;
570 427 676 468 immerito
692 428 763 480 itaque
775 428 868 469 accusari
881 429 1008 481 religionem
1024 430 1026 434 ⁴

130 492 237 542 tamquam
246 491 354 533 inimicam
364 492 524 544 reipublicae„<‹
534 504 587 545 quae
597 492 625 541 si,
635 496 659 533 ut
669 493 755 545 dignum
766 495 804 543 est,
816 493 931 543 audiretur,
943 495 1006 546 longe

131 555 206 596 melius
220 557 321 608 Romulo,
340 559 417 606 Numa,
432 559 497 598 Bruto
510 558 627 611 ceterisque
641 558 684 599 illis
697 571 795 600 romanae
810 548 877 612 gentis
893 560 1006 613 praeclaris

130 621 181 662 v'iris
189 623 335 673 constitueret,
346 626 491 674 consecraret,
503 624 597 684 firmaret
607 627 734 677 augeretque
743 625 898 677 rempublicam
908 637 929 675 »5
940 625 1005 678 idque

130 687 226 738 pluribus
236 689 380 741 prosequitur.
392 689 474 730 Deinde
481 692 554 730 monet
561 702 586 730 ea
595 690 676 731 ratione
686 690 761 743 agendi
771 690 831 731 valde
840 684 922 730 consuli
931 702 1005 730 emen-

130 752 210 793 dationi
220 766 244 794 ac
255 755 317 794 saluti
325 755 425 804 aliorum,
438 767 488 796 cum
496 756 526 796 ila
535 756 650 796 iniuriosus
662 756 745 809 saepius
755 755 850 797 vincatur
859 767 902 795 non
911 755 1005 796 saevien-

130 818 158 857 tis
167 819 258 869 viribus,
270 820 306 861 sed
317 821 467 861 benevolentia
479 821 590 872 patientis3
603 836 613 858 «
623 823 675 862 tunc
687 822 744 862 enim
755 814 811 862 recte
821 822 851 870 fit,
863 833 911 862 cum
920 821 1005 861 videtur

130 883 149 922 ei
157 884 290 943 prolaturum
299 897 344 926 esse
354 887 443 937 propter
455 896 519 936 quem
528 886 552 925 fit
562 886 588 925 ad
599 886 729 938 operandam
741 887 764 926 in
773 899 797 927 eo
809 887 961 927 correctionem
971 888 1004 926 at-

129 959 169 999 que
179 950 322 997 concordiam;
332 950 374 991 hoc
384 952 441 991 certe
450 950 523 990 animo
537 950 658 991 iaciendum
667 953 708 1000 est,
721 951 804 1005 etiamsi
814 951 866 991 alius
876 951 943 992 exitus
952 963 1004 991 con-

128 1016 226 1065 sequatur
235 1027 273 1054 nec
287 1016 363 1067 corrigi
373 1015 426 1055 velit
440 1017 502 1066 atque
513 1011 594 1067 pacari,
606 1017 692 1067 propter
706 1027 770 1067 quam
781 1015 929 1068 corrigendum
939 1018 1003 1067 atque

128 1079 245 1129 pacandum
256 1080 313 1120 velut
324 1079 441 1120 curandum
453 1081 474 1119 et
482 1079 599 1119 sanandum
613 1079 708 1120 adhibita
717 1082 748 1120 est
758 1080 798 1120 ista
808 1080 913 1122 medicina
922 1096 939 1121 »,
950 1081 1004 1121 Dein

109 1177 114 1186 .
128 1144 223 1184 observat
232 1145 272 1184 ista
282 1138 395 1198 praecepta
405 1145 472 1196 magis
479 1145 505 1185 ad
515 1137 698 1197 praeparationem
709 1146 778 1186 cordis
787 1158 840 1199 quae
849 1140 907 1186 'intus
917 1146 944 1186 sit
953 1158 1003 1199 per-

127 1209 195 1249 tinere
206 1222 269 1261 quam
280 1211 306 1250 ad
318 1222 371 1263 opus
387 1210 446 1262 quod
461 1211 483 1249 in
494 1212 567 1262 aperto
581 1211 629 1265 fiat,
640 1225 649 1247 n
665 1212 690 1250 ut
703 1213 801 1251 teneatur
815 1211 836 1250 in
847 1214 927 1251 secreto
937 1208 1004 1251 animi

128 1275 229 1326 patientia
243 1287 290 1316 cum
305 1276 466 1324 benevolentia,
477 1275 500 1315 in
514 1275 626 1316 manifesto
640 1278 711 1317 autem
724 1276 746 1316 id
759 1277 795 1316 tiat
811 1276 870 1328 quod
881 1276 910 1316 eis
919 1270 1005 1317 uidetur·

86 1330 92 1333 ⁵
128 1340 228 1390 prodesse
240 1353 301 1393 posse
313 1342 391 1393 quibus
406 1342 461 1381 bene
478 1340 531 1381 velle
543 1341 645 1382 debemus
658 1356 667 1377 a
683 1341 746 1393 idque
759 1341 840 1393 liquido
855 1342 936 1381 ostendi
950 1341 1002 1393 ipsis

128 1405 204 1445 Christi
214 1409 235 1446 et
242 1407 302 1446 Pauli
312 1406 418 1458 exemplis
428 1405 465 1460 (M.
477 1407 552 1454 33,528
561 1405 623 1459 seq).
633 1406 724 1447 Gloriam
733 1407 770 1446 Dei
780 1409 801 1446 et
809 1407 922 1462 utilitatem
931 1407 1003 1447 adver-

127 1470 176 1509 sarii
187 1482 232 1511 esse
242 1472 377 1522 potissimum
387 1464 525 1523 spectandam
537 1471 599 1511 etiam
614 1483 646 1523 op.
655 1474 704 1523 imp.
715 1472 780 1521 Beda,
792 1472 854 1512 Eotlr.
868 1472 945 1523 aliique
954 1484 1002 1511 mo-

126 1538 188 1586 nent;
200 1552 210 1573 <t
221 1539 243 1576 ut
256 1537 358 1588 patientia
372 1539 409 1577 tua
420 1537 492 1577 vincat
502 1535 560 1576 illius
571 1536 718 1595 crudelitatem
729 1538 750 1577 et
763 1527 864 1577 ostendas
874 1537 923 1588 quia
935 1537 1002 1576 maior

126 1603 157 1640 est
167 1602 286 1654 benignitas
298 1603 336 1642 Dei
346 1603 369 1642 in
384 1602 462 1642 sanctis
477 1614 542 1653 quam
556 1601 637 1642 malitia
648 1602 727 1642 diaboli
742 1602 764 1641 in
777 1602 856 1654 iniquis
868 1602 1000 1651 hominibus;

126 1666 143 1705 si
154 1670 224 1707 autem
234 1670 315 1709 tantum
325 1668 387 1708 vadis
398 1669 501 1719 quantum
512 1667 547 1707 ille
559 1669 580 1707 te
591 1668 656 1719 cogit,
669 1668 777 1719 quomodo
788 1668 919 1720 cognosceris
929 1679 1001 1708 servus

125 1733 234 1773 Deiinam
250 1734 271 1773 in
285 1733 411 1780 necessitate
427 1733 510 1773 bonitas
526 1745 569 1773 non
582 1734 678 1784 apparet3
695 1733 750 1784 quod
767 1745 816 1785 ergo
832 1733 888 1785 cogit
902 1735 933 1782 te,
948 1733 1001 1773 vade

124 1800 210 1849 propter
223 1799 373 1839 necessitatem
388 1798 483 1838 hominis
496 1798 593 1847 violenti,
610 1797 667 1849 quod
680 1809 723 1838 non
737 1800 756 1838 te
771 1799 835 1850 cogit,
848 1798 900 1838 vade
914 1796 1002 1850 propter

124 1862 212 1914 gloriam
221 1864 258 1904 Dei
269 1864 367 1916 benigni3
381 1863 399 1902 si
409 1863 501 1915 amplius
511 1863 579 1910 vadis,
591 1862 697 1915 cognoscit
710 1864 760 1915 quia
771 1875 841 1904 servus
853 1875 874 1904 es
886 1859 923 1903 Dei
933 1879 943 1900 »
955 1865 999 1911 etc,

124 1927 164 1981 (op.
175 1928 239 1982 irrep).
253 1929 349 1969 Ceterum
365 1929 431 1969 etiam
449 1929 557 1968 observari
572 1928 635 1968 debet
649 1928 704 1980 quod
718 1929 739 1969 S.
754 1929 804 1981 Aug.
822 1928 873 1968 dicit
888 1940 892 1969 :
905 1943 915 1965 «
928 1940 998 1980 neque

122 1993 157 2034 hic
167 2005 190 2034 ea
202 1994 292 2034 vindicta
306 1994 433 2046 prohibetur
446 2005 498 2045 quae
512 1994 538 2033 ad
553 1993 704 2034 correctionem
718 1993 785 2043 valet;
801 1993 865 2033 etiam
881 1994 927 2046 ipsa
943 1994 1001 2034 enim

122 2060 213 2110 pertinet
223 2060 249 2099 ad
258 2059 438 2109 misericordiam,
450 2070 489 2099 nec
499 2059 591 2111 impedit
603 2059 656 2099 illud
664 2059 798 2112 propositum
808 2071 849 2111 quo
861 2059 950 2111 quisque
961 2071 1000 2111 pa-

122 2127 178 2164 ratus
188 2128 219 2164 est
228 2126 253 2172 ab
262 2137 356 2177 ecquem
368 2126 488 2165 correctum
497 2136 542 2164 esse
553 2124 598 2164 vult
608 2124 669 2175 plura
676 2124 779 2176 perterre3
790 2124 826 2164 sed
837 2124 885 2164 huic
895 2124 1000 2164 vindictae

121 2190 242 2230 referendae
254 2202 296 2230 non
307 2192 338 2230 est
348 2190 438 2230 idoneus
452 2190 493 2229 nisi
505 2189 541 2241 qui
552 2189 624 2229 odium
638 2201 679 2241 quo
693 2190 761 2230 solent
771 2189 857 2241 flagrare
870 2189 906 2241 qui
920 2201 941 2230 se
952 2189 1000 2229 vin-

122 2255 190 2296 dicare
204 2256 322 2297 desiderant
338 2255 460 2296 dilectionis
475 2255 621 2307 magnitudine
638 2255 770 2307 superaverit
786 2271 796 2292 a
811 2253 846 2308 (de
860 2266 923 2295 serm.
940 2257 963 2295 D.
978 2255 1000 2294 in

121 2323 192 2362 monte
205 2324 258 2369 l,18.
270 2322 310 2374 63).
354 2376 355 2379 Ἴ

148 2443 229 2498 tigerat
246 2441 352 2484 Dorulaus
370 2439 399 2483 de
420 2439 494 2482 studio
512 2440 586 2497 pacis,
608 2438 635 2482 de
656 2439 779 2483 tolerantia
794 2438 948 2492 iniuriarum,
970 2439 999 2483 de

120 2511 291 2556 mansuetudine
301 2512 325 2554 in
335 2510 401 2565 alios;
416 2524 475 2568 quae
486 2509 563 2553 onmia
575 2511 600 2552 ut
614 2509 658 2553 rite
669 2524 695 2553 ac
704 2508 772 2553 facile
785 2511 932 2568 praestentur
942 2510 999 2570 quid

120 2583 231 2628 inanimis
243 2581 325 2626 nostris
335 2581 380 2625 alte
394 2580 477 2624 debeat
487 2595 534 2624 esse
549 2581 675 2640 repositum
687 2582 708 2624 et
723 2580 860 2641 impressum
873 2580 920 2625 iam
934 2580 1000 2625 docet

119 2656 257 2717 praecipiens
272 2652 402 2697 dilectionis
418 2652 526 2696 affectum
542 2656 564 2696 et
581 2652 688 2697 effectum
702 2655 726 2697 ut
739 2652 767 2697 iis
784 2652 944 2711 impendamus
958 2653 999 2712 qui

119 2743 158 2773 nos
172 2726 306 2771 offenderint
323 2724 405 2786 (Sulla.
426 2723 510 2784 Syia).
530 2727 603 2776 Quare
623 2725 751 2784 praeceptis
772 2724 818 2767 suis
837 2723 952 2778 ultimam,
972 2725 1000 2766 ut

120 2801 143 2845 S.
162 2800 238 2859 Chrys.
260 2799 301 2853 ait,
320 2798 435 2841 bonorum
455 2796 587 2840 coronidem
607 2796 717 2855 imponit3
739 2795 812 2839 omnis
833 2794 893 2837 enim
908 2794 999 2838 virtutis

120 2872 207 2915 coronis
220 2886 246 2914 ac
267 2871 340 2913 vertex
356 2871 390 2913 est
404 2861 497 2927 (κορωνὶς
510 2864 546 2907 nal
556 2861 642 2927 κορυφή)
657 2867 764 2922 inimicos
776 2864 878 2922 diligere
895 2864 998 2925 (Elatia.);

120 2959 141 2988 v.
155 2946 182 2987 l3
193 2941 283 2985 cataclistis
296 2940 351 3000 qaia
362 2939 450 2984 (lictum
461 2946 492 2983 est
503 2953 510 2982 .·
522 2938 604 2998 deleges
617 2937 750 2997 proximam
763 2944 842 2991 talrlrrr;
853 2936 881 2980 ol.
896 2930 948 2981 Lev.
961 2940 997 2989 ta,

120 3019 147 3060 18
158 3028 203 3073 quo
215 3012 264 3056 loco
278 3012 302 3056 S.
317 3012 381 3056 Hier.
392 3020 434 3078 qq]
444 3010 511 3054 vertit
523 3009 624 3054 altricum
641 3016 719 3062 terrena,
733 3009 786 3051 LXX
800 3012 833 3055 rba
849 3016 933 3060 abactor
948 3025 996 3065 ooo3

126 3103 150 3151 a]
162 3094 238 3136 autem
251 3091 283 3133 est
291 3089 386 3143 amicus,
398 3088 483 3144 socius,
495 3087 641 3139 contribulis;
658 3086 690 3129 ita
702 3088 726 3130 ut
736 3077 763 3130 ea
771 3086 822 3143 lege
832 3085 920 3129 ludaeis
931 3098 996 3144 prae-

119 3173 231 3231 ciperetur
239 3181 275 3213 eos
285 3169 310 3211 ut
321 3165 445 3223 diligerent
456 3165 593 3224 quibuscum
604 3164 631 3207 iis
640 3166 697 3208 esset
704 3164 799 3209 societas
810 3166 850 3207 aut
860 3159 1001 3206 consuetudo
