2239 3511
111 227 157 278 '512
388 252 396 263 -,
468 238 548 267 uarro.
565 228 597 276 ll,
613 229 645 267 25.

141 329 162 362 In
171 338 189 361 V·
202 330 223 361 ‘25
234 326 301 374 Εκρῡψας
309 334 324 366 Ν
332 329 346 363 Β
353 328 369 362 D
377 327 399 362 Ti
405 328 431 363 W
437 328 453 362 H
458 338 463 370 ;
473 330 499 362 rei
507 329 553 363 codd
563 338 606 363 omn
615 329 653 363 iere
659 339 716 373 απεκρ.
725 328 754 363 Ad
761 336 779 361 v.
790 328 812 361 27
823 327 886 361 scribit
894 327 912 360 Ir
918 328 925 359 ἰ
933 334 989 361 nemo
1004 335 1005 338 ’

88 397 90 399 ·
117 387 213 429 cognoscit
223 387 291 421 Filium
304 388 341 422 nisi
356 387 412 422 Pater
421 397 482 431 neque
492 389 566 422 Patrem
577 389 723 432 quis-cognoscit
733 388 783 422 etc...
793 387 813 420 hi
823 387 885 420 autem
895 387 926 428 qrri
938 386 988 428 peri*

116 447 173 479 tiores
182 443 274 489 apostolis
284 448 350 482 volunt
360 439 401 482 esse
413 449 441 482 sic
454 448 561 482 describunt
571 457 575 481 ι
586 456 641 482 nemo
654 447 742 491 cognouit
751 447 826 482 Patrem
835 447 872 480 nisi
882 445 940 479 Filius
954 452 989 478 nec
1010 465 1013 469 ,

116 505 184 539 Filium
196 507 234 540 nisi
243 507 299 541 Pater
311 510 330 541 et
339 508 370 542 cui
378 508 416 542 vol.
427 507 448 542 F.
458 508 568 552 rev.;apud
576 508 657 564 Graecps
665 508 728 542 textus
737 504 793 549 saepe
802 506 878 555 affertur
886 504 927 539 cum
937 511 988 548 εγνω.
1006 545 1007 548 ¹
1034 496 1036 499 ’

117 565 138 597 In
148 573 166 598 v.
178 565 200 599 28
209 567 256 599 mire
266 567 350 601 scribunt
359 566 395 601 duh
405 566 443 601 lich
453 566 490 603 hen
497 568 542 601 rusb
556 568 645 621 honorari.

60 721 61 724 ,
81 722 83 724 ,
147 684 206 726 lesus
217 696 315 742 regnum
327 676 395 728 suum
404 677 540 742 fundaturus
550 688 667 744 tamquam
677 683 724 728 eius
734 682 800 739 regni
809 681 924 742 principes
935 696 988 725 con·
1037 742 1038 746 Ἰ

117 753 189 796 stituit
206 752 244 814 (cl.
263 757 298 798 Ps.
313 747 392 814 thil)
409 757 431 799 et
440 755 531 799 edocuit
545 756 657 815 apostolos
674 748 817 813 (102'17seq,);
834 751 873 797 sed
884 751 925 796 ubi
936 754 987 796 sant

117 824 165 868 eius
182 826 248 883 regni
264 825 364 871 subditi?
380 826 448 871 llaior
462 826 541 885 populi
557 841 611 887 pars
630 826 706 889 renuit
724 839 799 885 neque
820 838 861 885 per
878 837 987 884 praecur-

118 909 192 938 sorem
202 910 276 954 neque
286 910 328 953 per
337 899 410 940 Iesum
419 895 501 941 adduci
510 910 533 940 se
540 896 593 941 sinit
602 897 631 941 ad
637 896 799 956 poenitentiam
808 898 829 940 et
836 894 916 948 fidem,
928 909 987 954 quae

117 965 162 1009 duo
177 965 305 1010 necessaria
319 969 372 1010 sunt
388 970 413 1010 ut
428 968 478 1026 quis
491 966 604 1012 bonorum
620 967 687 1025 regni
698 965 803 1022 messiani
816 965 930 1025 particeps
947 964 986 1008 fiat
1029 1006 1031 1008 ,

118 1037 176 1095 (cap.
196 1037 307 1096 ihi-db).
325 1040 388 1083 Nune
402 1040 478 1082 autem
493 1037 592 1083 Christus
606 1039 654 1098 ipse
669 1036 769 1082 declarat
783 1038 822 1097 qui
833 1036 926 1081 tandem
941 1035 988 1080 sint

117 1108 182 1165 regni
192 1107 228 1160 sni
238 1107 297 1152 cives
307 1104 407 1169 (11'‚25);
419 1109 447 1155 iis
458 1111 535 1155 notam
544 1109 598 1154 facit
610 1123 674 1154 suam
681 1107 806 1170 potentiam
817 1109 839 1152 et
851 1106 986 1167 sapientiam

117 1178 204 1238 (1127)
217 1182 238 1223 et
252 1179 362 1240 cumipse
374 1180 426 1225 talis
435 1179 463 1225 sit
474 1195 487 1225 a
497 1196 542 1241 quo
552 1180 598 1226 solo
610 1180 682 1225 omnis
694 1180 753 1225 salus
762 1182 784 1223 et
792 1178 888 1224 beatitas
898 1192 986 1239 exspec-

117 1249 185 1294 tanda
200 1253 244 1307 est,
257 1265 335 1296 omnes
349 1252 389 1311 qui
402 1265 453 1297 eam
466 1251 596 1297 desiderant
609 1252 710 1312 oppressi
724 1250 819 1296 miseriis
829 1249 859 1294 ad
871 1264 893 1294 se
904 1249 987 1294 invitat
1036 1245 1037 1248 ’

117 1321 310 1379 benignissimum
324 1322 473 1380 magistrum,
486 1326 512 1367 ut
525 1323 589 1379 suam
605 1322 733 1367 doctrinam
749 1325 771 1366 et
786 1336 852 1366 suum
868 1322 983 1378 regimen,

117 1393 201 1436 fontem
212 1394 315 1436 omnium
325 1393 449 1447 honorum,
461 1393 726 1453 suscipiant(11‚28-30].

146 1463 265 1508 Sollemnis
277 1478 335 1522 quae
345 1464 447 1524 sequitur
457 1464 538 1509 Christi
551 1464 580 1508 ad
589 1466 680 1509 Patrem
693 1464 752 1508 actio
765 1464 891 1520 gratiarum
905 1466 926 1507 et
935 1463 988 1507 laus

115 1533 200 1592 legitur
210 1537 263 1579 Luc.
275 1538 341 1590 1031
353 1538 405 1594 post
415 1534 514 1579 reditum
527 1534 691 1594 discipulorum
704 1548 760 1593 quos
772 1533 865 1578 miserat
878 1533 908 1578 ad
919 1549 985 1594 prae-

115 1605 247 1650 dicandum.
258 1609 289 1651 Ea
299 1606 415 1651 occasione
423 1621 436 1651 a
445 1604 530 1651 Christo
539 1620 585 1651 esse
592 1606 676 1652 dictam
682 1606 811 1650 narratione
817 1609 889 1668 Lucae
898 1608 984 1650 certum

116 1679 159 1730 est;
177 1677 263 1736 pariter
280 1680 367 1721 certum
380 1679 413 1723 est
428 1677 448 1721 ei
465 1677 576 1722 occasioni
592 1676 692 1738 perbene
708 1690 841 1735 congruere.
858 1675 900 1720 Sed
917 1676 985 1721 etiam
1033 1725 1035 1728 ¹

115 1747 315 1792 Matthaeusvalde
326 1747 355 1792 ad
365 1763 414 1792 rem
425 1748 594 1793 accommodate
605 1749 632 1793 iis
643 1747 718 1792 verbis
726 1749 804 1792 utitur.
816 1750 871 1793 Cum
881 1750 947 1792 antea
957 1747 987 1791 de>

115 1818 222 1862 missione
239 1810 395 1877 apostolorum
411 1819 537 1879 scripserit,
551 1823 640 1879 tempus
654 1820 676 1863 et
695 1818 781 1863 occasio
798 1817 868 1862 hahet
886 1818 985 1878 aliquam

94 1902 95 1905 ¹
116 1903 167 1932 cum
182 1892 254 1933 Lucae
271 1890 402 1942 narratione
416 1888 599 1943 similitudinem;
618 1890 711 1949 insuper
721 1892 842 1950 postquam
855 1888 931 1933 docuit
946 1887 986 1949 qui

116 1962 189 2004 essent
203 1961 274 2019 inepti
291 1959 320 2004 ad
330 1973 429 2018 regnum
439 1961 588 2015 messianum,
603 1962 704 2021 superest
718 1962 743 2005 ut
757 1960 836 2005 doceat
848 1960 986 2020 quibusnam

61 2054 62 2057 =
116 2032 182 2075 huius
189 2031 256 2088 regni
265 2032 373 2089 mysteria
382 2034 404 2075 et
411 2031 472 2076 hona
480 2032 524 2075 sint
530 2031 622 2076 tandem
631 2032 765 2076 obventura.
775 2032 800 2076 ld
809 2033 885 2076 autern
892 2031 985 2077 meliore

74 2144 76 2146 .
115 2101 183 2147 modo
202 2103 282 2161 nequit
295 2102 378 2147 docere
391 2117 460 2162 quam
473 2103 527 2162 ipsis
543 2103 624 2147 Christi
636 2103 728 2147 verbis„
739 2104 761 2147 Si
773 2103 872 2162 proinde
887 2103 988 2148 Christus

115 2174 155 2231 qui
168 2174 201 2217 sui
215 2175 289 2218 essent
298 2173 370 2217 futuri
382 2173 505 2233 aliquando
519 2173 668 2231 significavit,
680 2173 735 2233 quid
746 2174 819 2236 aptius
828 2174 903 2218 lacere
913 2177 987 2234 potest

96 2282 98 2287 ,
114 2244 255 2303 evangelista
262 2259 332 2304 quam
339 2247 364 2288 ut
371 2259 399 2289 ea
407 2244 654 2290 verhainhuuclocum
661 2246 894 2305 transferet‘lSemper
901 2246 986 2305 quippe

115 2319 136 2360 et
146 2316 232 2377 ubique
240 2315 296 2360 talia
305 2315 387 2360 Christi
396 2316 466 2361 verba
474 2312 538 2361 suam
546 2317 633 2361 habent
642 2332 668 2361 ac
678 2317 776 2361 retinent
789 2312 920 2372 veritatem,
934 2331 986 2362 cum

114 2387 178 2431 illam
186 2402 234 2432 non
243 2386 272 2431 ab
282 2387 399 2432 occasione
409 2388 517 2447 temporis
527 2388 695 2441 nanciscantur,
706 2386 744 2431 sed
752 2387 776 2431 in
786 2402 808 2432 se
815 2388 869 2445 ipsis
877 2387 984 2432 habeant.
1027 2406 1029 2410 ’

116 2462 189 2509 Quare
207 2458 359 2514 evangelistae
374 2457 473 2503 liberum
487 2472 532 2502 esse
550 2458 617 2501 dehet
634 2472 660 2501 ex
673 2459 780 2502 thesauro
799 2456 985 2520 documentorum

116 2528 196 2572 Christi
211 2541 238 2571 ea
250 2527 345 2584 seligere
362 2529 383 2570 et
400 2526 519 2587 disponere
530 2528 612 2587 quibus
621 2527 645 2571 id
661 2527 690 2572 ad
704 2528 765 2587 quod
775 2528 820 2573 eius
829 2528 902 2573 tendit
912 2530 987 2575 oratio
1030 2568 1031 2571 ,

114 2595 222 2643 doceatur
233 2600 254 2642 et
268 2597 399 2642 illustretur.
506 2645 509 2652 ¹
899 2635 901 2639 Α

142 2674 192 2729 Ipsa
201 2670 312 2728 temporis
324 2669 450 2727 designatio
461 2685 482 2714 v.
495 2674 521 2715 25
535 2670 558 2714 r'a
568 2670 608 2715 illo
619 2678 718 2731 tempore
726 2670 752 2715 fit
761 2671 827 2716 modo
837 2672 904 2716 valde
915 2687 984 2730 gene-

113 2741 155 2785 rali
166 2756 241 2802 neque
252 2740 314 2785 aliud
323 2741 379 2785 dicit
388 2741 432 2785 nisi
443 2755 468 2785 eo
478 2745 581 2802 tempore
591 2757 636 2803 quo
648 2742 748 2788 Christus
757 2757 799 2803 per
808 2756 832 2787 se
842 2747 864 2787 et
872 2743 988 2801 apostolos

93 2815 94 2821 ’
118 2812 153 2868 (ol.
165 2811 226 2871 11,1]
240 2811 389 2871 praedicabat
401 2815 423 2856 et
432 2813 498 2871 regni
507 2813 613 2858 messiani
625 2813 691 2859 initia
700 2814 799 2874 ponebat
808 2813 877 2857 etiarn
887 2813 943 2858 haec
954 2815 983 2858 ab

112 2897 138 2927 eo
150 2896 197 2926 esse
211 2883 339 2939 enuntiata;
349 2898 390 2927 cur
400 2886 476 2929 autem
486 2883 575 2929 dicatur
584 2885 720 2945 respondens
732 2886 793 2929 lestis
806 2883 874 2939 droa,
886 2885 932 2929 iam
945 2901 981 2929 ve·
1009 2931 1010 2934 ,

110 2958 169 2998 teres
185 2957 301 3013 quaerunt
317 2958 339 2999 et
351 2954 414 2999 varie
431 2955 569 3015 respondent
590 2971 594 3003 :
610 2971 700 3001 omnem
722 2954 768 3012 eius
786 2955 921 3001 locutionem
934 2971 980 3002 esse

112 3026 282 3086 responsionem
296 3027 318 3068 et
330 3026 465 3071 solutionem
479 3028 646 3086 quaestionum3
661 3025 793 3086 responderi
806 3028 977 3088 (prementibus,

62 3087 66 3091 ’
99 3112 179 3158 *quare
195 3097 306 3141 Dominus
322 3095 377 3140 alios
391 3097 497 3155 elegerit,
513 3098 567 3144 alios
581 3113 635 3143 vero
649 3112 707 3153 non,
723 3098 758 3143 vel
772 3114 827 3144 num
842 3114 919 3144 omnes
935 3099 979 3144 sint

109 3170 207 3227 gratiam
220 3168 343 3214 reiecturi?
356 3168 422 3212 facile
437 3169 496 3212 enim
510 3185 536 3214 ex
551 3163 733 3215 antecedentibus
748 3186 798 3216 eam
813 3171 895 3216 exoriri
910 3186 978 3231 quae-
