2239 3511
142 265 180 304 312
510 252 588 300 1111111.
605 262 624 308 ὃ,
641 260 674 299 9„

141 362 180 401 hus
197 361 293 412 personis
305 361 348 401 sint
366 352 493 401 communia.
509 361 577 412 Atque
591 361 642 401 haee
659 360 762 401 sententia
774 359 857 399 videtur
870 357 1017 410 praeterenda3
1034 376 1036 381 ·

141 425 206 465 Boura
216 426 272 465 enim
286 438 379 474 oramus,
391 427 455 467 Deam
464 438 564 467 vocamus
577 427 672 475 Patrem,
684 437 722 481 nos
733 436 807 466 sumus
819 423 856 463 filii
867 422 959 474 adoptivi
970 423 1018 473 Dea·

140 490 230 542 proinde
241 491 266 531 ad
277 492 338 532 illum
347 503 420 544 preces
432 491 543 544 dirigimus
556 492 593 543 qui
602 494 635 532 est
644 503 698 532 unus
708 490 824 531 substantia
833 490 853 528 et
861 488 927 529 trinus
938 487 960 526 in
970 498 1018 538 per·
1045 492 1047 495 ’

141 556 198 595 sonis
211 556 225 595 i.
241 567 259 596 e.
271 558 296 597 ad
310 557 386 609 Deam·
398 557 492 609 itemque
506 559 566 598 Dion.
584 558 662 598 Saurea
675 548 713 609 qui
726 556 804 597 multos
819 555 876 595 locos
889 565 917 594 ss.
931 553 1017 592 Petrum

141 621 210 661 affert.
668 620 669 623 ’
773 617 775 620 ’
977 626 978 630 ’

170 733 246 778 Prima
257 736 336 795 petitio
353 735 382 780 ad
393 739 463 780 Deum
475 738 563 796 spectat
576 736 613 780 cui
628 740 679 780 ante
690 734 766 780 omnia
776 733 901 793 optandum
911 735 944 776 est
957 729 1017 790 quod

141 805 161 847 ei
175 805 248 850 solum
263 808 336 867 optari
345 806 429 866 'potest
445 808 543 864 gloriam
560 810 582 851 et
591 808 704 852 honorem
715 808 735 851 ei
749 806 778 851 ab
790 803 894 850 omnihus
904 801 1013 863 impendi.

140 879 198 920 Haec
208 877 292 937 quippe
301 879 340 922 Dei
350 877 424 935 gloria
434 878 520 923 Christo
532 878 630 936 maxime
641 878 704 922 cordi
714 881 753 933 est,
765 877 828 922 unde
836 878 910 936 primo
920 889 970 919 eam
979 874 1016 917 de-

139 946 239 991 siderare
247 955 288 993 nos
298 948 372 1004 docet;
382 948 431 993 vult
441 947 492 994 s'uos
500 964 547 995 esse
556 949 668 1008 perfectos
677 949 706 993 ad
714 949 785 993 Patris
794 948 919 1005 imaginem
929 945 1013 1006 (5,t8);

138 1018 186 1062 iam
193 1018 243 1077 ipsa
253 1019 295 1063 liae
305 1020 380 1079 prima
387 1019 496 1079 petitione
504 1035 545 1065 nos
556 1020 585 1064 ad
596 1034 646 1064 eam
656 1021 732 1064 evehit
741 1019 913 1078 perlectionem,
925 1016 1016 1061 utillud

97 1107 99 1111 ¹
139 1089 290 1147 efflagitemus
300 1090 362 1150 quod
374 1094 405 1135 est
415 1105 529 1136 summum
539 1095 561 1135 et
571 1092 669 1135 manime
679 1106 693 1135 a
702 1093 746 1136 Deo
757 1090 873 1149 quaeritur
882 1092 904 1133 et
914 1089 943 1133 ad
953 1088 1015 1151 quod

138 1161 182 1204 silai
192 1160 345 1206 exhibendum
355 1165 412 1206 Deus
423 1165 504 1208 cuncta
514 1162 601 1206 creavit
611 1165 633 1206 et
641 1162 704 1222 quod
713 1166 770 1206 Deus
780 1162 845 1206 unice
854 1162 902 1206 vult
913 1163 934 1204 et
941 1160 1014 1204 inten-

137 1231 171 1275 dit
181 1232 314 1288 ultimaiim3
327 1251 337 1274 o
350 1236 436 1277 consini
446 1235 507 1278 enim
518 1233 590 1278 divini
600 1233 699 1278 nominis
709 1233 784 1291 gloria
791 1232 850 1276 nihil
860 1247 905 1277 esse
917 1232 960 1291 ipsi
970 1234 1014 1275 Deo

138 1304 408 1364 angustius‚a11tiquiusn
420 1304 521 1363 (Soloi.);
532 1306 750 1364 undesarrotiltcetrn·
756 1319 838 1348 teoracia
845 1312 921 1358 titania·
930 1317 1014 1347 ticinen
1024 1305 1025 1308 ’

137 1376 177 1418 Dei
186 1378 219 1420 est
225 1378 282 1420 Deus
290 1376 338 1435 ipse
345 1379 456 1436 quatenus
463 1391 486 1422 se
493 1376 626 1420 hominihus
632 1376 777 1421 manifestare
787 1375 892 1433 dignatus
902 1377 943 1428 est,
956 1389 1013 1434 qna-

85 1492 87 1497 ,
137 1448 202 1489 tenus
215 1445 280 1489 nobis
295 1447 421 1491 innotescit.
432 1448 525 1491 Nomine
537 1447 598 1490 enim
608 1461 679 1490 unam
691 1462 739 1490 rem
753 1447 782 1491 ab
793 1446 837 1490 alia
852 1445 1011 1499 discernimus,

135 1530 185 1560 rem
193 1517 268 1575 ipsam
276 1519 369 1561 nomine
381 1517 518 1563 declaratam
527 1519 631 1562 volumus
644 1517 771 1575 designare.
784 1521 854 1569 Quare
865 1517 888 1560 id
895 1517 1012 1574 efflagita-

135 1602 186 1632 rrius
198 1602 225 1631 ea
237 1590 358 1647 petitione,
373 1592 469 1642 utileus
479 1604 504 1634 eo
519 1589 586 1633 modo
597 1589 722 1651 honoretur
736 1592 757 1633 et
772 1589 912 1647 glorificetur
923 1588 963 1647 qni
975 1603 1012 1631 re-

134 1658 246 1718 spondeat
259 1659 378 1719 (quantum
391 1660 442 1704 fieri
451 1660 533 1721 potest)
550 1661 728 1705 manifestationi
741 1664 762 1704 et
773 1660 904 1704 revelationi
921 1660 1012 1703 (livinae

112 1756 114 1761 ·
134 1729 257 1774 maiestatis
273 1746 330 1790 (piae
344 1732 468 1790 unicuique
481 1732 588 1776 innotuit,
605 1732 661 1775 Dicit
674 1736 750 1776 autem
758 1732 899 1791 aaractificare
909 1733 1010 1775 sanetum
1023 1769 1024 1772 ,

134 1801 231 1857 hahere,
242 1803 326 1858 colere,
337 1803 442 1847 venerari
449 1839 454 1858 ,
462 1804 500 1847 vel
507 1806 532 1847 ut
539 1804 564 1847 S.
575 1804 654 1862 Chrys.
665 1804 761 1863 explicat
769 1803 911 1860 glorificare:
922 1802 1011 1859 «digna

133 1873 235 1931 precatio
249 1875 296 1917 eius
312 1874 351 1933 qui
361 1877 432 1917 ileum
442 1877 507 1918 vocat
521 1876 622 1928 Patrem,
635 1877 660 1917 ut
672 1875 731 1918 nihil
743 1877 804 1933 petat
818 1877 868 1918 ante
879 1875 948 1918 Patris
959 1874 1010 1931 glo-

135 1945 205 1999 riam,
220 1944 258 1988 sed
274 1946 350 1989 omnia
363 1948 485 2004 piostponat
501 1947 548 1989 eius
566 1945 685 2000 laudibus;
706 1945 764 1989 illud
782 1945 842 1989 enim
858 1945 1011 2003 sanotrstcet'ar

134 2014 180 2058 hoo
196 2015 239 2058 sihi
250 2016 298 2059 uult
310 2014 449 2074 glorificetur
462 2009 598 2075 (δοξασθῆτω)
613 2035 632 2059 n.
645 2017 819 2077 Ea'preeatione
834 2018 879 2060 iam
892 2018 1010 2061 imitamur

131 2087 224 2143 angelos
238 2080 277 2145 qui
287 2091 330 2131 Deo
340 2091 450 2147 perpetuo
459 2097 550 2132 soractae
559 2092 644 2132 canunt
657 2088 695 2148 (cl.
706 2093 733 2133 Is.
746 2093 792 2143 6,3.
803 2090 871 2147 Apoo.
882 2093 945 2142 5,13;
958 2090 1009 2132 Ter-

132 2157 182 2201 roll,
194 2158 218 2202 S.
233 2159 310 2218 Clnps.
322 2158 405 2218 Salar.)
416 2163 438 2202 et
447 2163 472 2203 ut
482 2163 540 2203 Deus
550 2159 690 2204 inomnibus
700 2163 722 2203 et
730 2175 773 2219 per
783 2161 859 2203 onmia
869 2160 1009 2217 glorificetur

131 2244 268 2288 precamur3
286 2249 295 2271 o
315 2245 423 2290 suspensa
439 2225 595 2275 enuntiatione
610 2246 654 2275 non
674 2231 773 2276 dieentes
791 2245 795 2276 :
817 2231 967 2276 sanctificetur
984 2232 1008 2274 in

130 2301 206 2357 nohis,
224 2301 249 2345 in
264 2303 368 2346 omnibus
379 2302 476 2347 dicimus
488 2321 498 2344 n
515 2303 642 2362 (Tertal⁷.);
655 2303 725 2362 idque
735 2294 823 2358 merito,
838 2318 892 2347 nam
902 2303 1009 2347 universa

128 2374 223 2431 propter
238 2373 384 2432 semetipsum
394 2376 499 2432 operatus
513 2376 545 2417 est
559 2373 666 2417 Dominus
677 2374 749 2432 (Prov.
764 2372 1007 2431 16‚t)‚«magnaigi-

128 2447 166 2487 tur
177 2434 265 2487 ratione
280 2444 338 2487 illud
353 2444 427 2503 primo
436 2444 486 2488 loco
497 2443 622 2502 expetimus
637 2444 698 2502 quod
709 2458 823 2487 surnmum
833 2446 865 2487 est
880 2446 901 2487 et
910 2444 1007 2488 maxime

133 2530 146 2558 a
160 2517 204 2557 Deo
223 2514 340 2572 quaeritur
356 2517 377 2558 et
391 2514 420 2557 ad
434 2515 494 2573 quod
511 2513 674 2573 praestandum
685 2510 760 2565 ,omnis
774 2517 876 2559 ereatura
891 2513 1006 2560 rationalis

131 2585 223 2630 condita
230 2589 262 2629 est
269 2604 278 2625 n
290 2584 391 2645 (Saloe).
400 2585 468 2630 Huius
474 2586 591 2645 petitionis
598 2585 720 2645 applicatio
728 2586 756 2630 ad
763 2587 832 2631 tritam
840 2589 872 2631 est
878 2587 1004 2646 multiplex.
1032 2607 1036 2615 ’

127 2660 160 2701 Ita
180 2657 241 2701 enim
261 2660 350 2702 creantes
363 2658 511 2718 nosmetipsos
525 2657 687 2713 admonemus,
702 2662 726 2702 ut
740 2659 771 2702 ait
783 2659 807 2703 S.
821 2660 879 2717 drap.
890 2659 932 2718 (ep.
953 2664 1003 2713 130,

129 2733 164 2773 11.
174 2727 219 2788 at),
230 2728 359 2774 desiderare
367 2733 479 2785 ntnomen
489 2731 537 2774 eins
546 2729 609 2789 quod
618 2744 708 2790 semper
715 2733 818 2774 sanctum
827 2733 859 2773 est
868 2730 934 2773 etiam
943 2729 1006 2789 apud

126 2798 232 2844 homines
239 2805 345 2845 ¹sarmium
356 2801 478 2854 habeatur3
491 2801 515 2844 id
526 2804 603 2845 autem
610 2801 635 2844 tit
645 2802 706 2845 cultu
716 2801 754 2845 llei
762 2801 855 2860 puldieo
866 2816 892 2845 ac
901 2801 1002 2860 privato,

127 2869 283 2927 observatione
298 2872 468 2927 mandatorum,
482 2872 601 2927 saiictitate
613 2872 686 2927 vitae,
699 2871 810 2916 desiderio
821 2875 843 2914 et
854 2872 928 2916 studio
940 2887 1004 2931 spar-

126 2940 198 2999 gendi
209 2943 360 2998 cognitionem
369 2943 408 2987 Dei
415 2958 539 3003 omnesque
552 2943 582 2987 acl
591 2943 639 2987 eius
648 2957 750 2988 amorem
759 2941 898 2999 adducendi3
910 2944 938 2988 cf.
949 2933 1001 2987 Lev.

127 3017 190 3068 ro‚a;
206 3016 282 3067 caan.
296 3018 331 3058 uz.
345 3019 424 3070 erpa
439 3019 515 3070 aspa.
1004 3063 1006 3065 ,

154 3084 1002 3145 llodumautcmomniumpraeclarissimumetmanimeuniversalemhano

124 3156 164 3200 Dei
176 3155 275 3213 gloriam
285 3156 432 3215 promovendi
445 3171 485 3201 nos
497 3157 563 3200 docet
575 3156 700 3213 efflagitare
714 3159 813 3204 Christus
825 3174 847 3203 v.
860 3162 886 3202 lo
897 3158 1003 3210 attornati

123 3235 289 3287 repudiatarum
295 3241 305 3284 ,¹
312 3231 369 3272 Deus
379 3228 479 3271 annuum
486 3242 564 3272 rerum
573 3242 613 3271 rex
621 3243 746 3288 supremus,
754 3230 864 3290 peculiari
872 3231 958 3274 ratione
967 3243 1001 3272 re-
