2239 3511
77 162 94 202 ¹.
137 186 175 225 roo
425 197 427 201 ·
481 156 575 221 'narra
593 182 611 229 r,
627 182 659 221 ra.

138 280 198 320 locos
210 293 262 332 quos
273 281 359 331 Origeni
369 280 475 320 etBasilio
488 280 556 333 (falso)
567 279 673 329 attribuit,
686 282 758 322 locum
770 280 893 335 rumpuat
903 292 929 320 ex
939 281 959 320 S.
970 281 1021 320 Ber-

138 346 200 385 nardi
215 346 274 385 hom.
287 347 298 384 b
313 345 465 397 superbimus
480 348 518 394 est,
533 358 596 398 quem
610 349 682 387 tamen
698 347 775 387 fatetur
788 347 918 398 subiungere
936 358 1021 397 quoque

139 411 201 450 aliam
216 421 354 451 communem
371 410 497 452 sententiam
513 412 538 452 de
555 404 677 465 suspicione
694 409 802 461 adulterii3
821 416 867 453 tum
883 410 956 452 addit:
976 426 985 447 c
1001 412 1022 450 in

138 475 229 515 eandem
240 476 369 518 sententiam
383 477 515 517 descendunt
529 478 645 518 bichardus
660 478 685 518 de
696 478 716 518 S.
728 477 820 527 Victore,
832 478 922 518 Ioannes
934 478 1020 524 Gerson,

137 541 227 582 Ioannes
245 541 323 583 Eclrius
341 554 438 583 sermone
455 543 481 583 de
498 543 609 583 nativitate
626 543 730 595 Virginis,
747 543 872 584 Ambrosius
889 543 1020 589 Catharmis,

138 607 192 658 quin
207 608 271 648 etiarn
287 608 428 649 revelationes
442 609 492 649 huic
506 609 601 661 opinioni
613 610 690 649 lavent.
701 610 754 649 Nam
768 610 823 649 inter
837 608 890 649 alias
901 609 921 648 b.
933 608 1022 659 BrIgitta

136 672 173 712 lib.
185 675 195 713 7
206 685 252 725 cap.
262 674 287 713 bb
297 674 327 714 ita
337 674 435 714 scribit...
448 676 584 716 :recordatus
594 675 651 716 dicta
658 676 811 728 prophetarum
822 673 1020 727 praenuntiantium

136 738 207 778 filium
217 740 255 779 Dei
266 740 399 781 naseiturum
414 753 438 781 ex
450 741 532 795 virgine
543 743 655 794 reputabat
668 754 689 782 se
703 741 816 794 indignum
830 739 962 796 tali-servire
975 750 1020 779 ma-

81 828 83 831 ·
136 805 199 854 tri...,
212 806 287 846 eadem
301 807 321 846 b.
337 806 426 858 Brigitta
442 807 505 847 libb
521 819 566 860 cap.
580 809 605 848 59
622 808 677 847 idem
693 796 844 848 testimonium
857 807 883 847 de
900 807 919 846 S.
930 805 1020 856 losephc

136 871 236 920 perhibet
248 887 266 909 a.
279 872 348 921 Atque
361 883 400 922 pro
414 873 488 911 eadem
505 873 610 912 sententia
626 876 736 924 praeterea
747 866 761 911 'a
775 871 864 912 illocales
878 872 921 924 (lib.
933 873 946 911 t
956 874 1017 911 tract,

135 937 148 974 d
160 948 180 987 p.
190 935 237 987 aar]
251 929 369 976 afferuntur
380 948 384 975 ε
396 937 562 985 Turrecremata
574 937 647 988 Major,
659 938 717 986 Soto,
729 937 876 989 Rossignolus‚
889 937 1018 983 ratudanas,

135 1001 208 1050 Solus,
221 1001 369 1050 Druthmarus‚
381 1003 452 1051 custo,
467 1002 570 1050 Ismenus,
583 1002 670 1051 Natalis,
682 1003 788 1050 Ganisius3
801 1005 863 1053 atque
878 1002 922 1054 ipse
934 1012 1018 1052 quoque

137 1067 209 1106 eidem
220 1068 339 1107 sententiae
352 1068 457 1108 calculum
468 1068 541 1108 adiicit
552 1071 572 1108 et
582 1068 622 1108 hoc
636 1069 682 1108 loco
694 1071 715 1108 et
724 1069 766 1108 iam
778 1068 814 1124 lib.
826 1069 839 1107 ⁶2
849 1070 908 1108 tract.
918 1068 930 1107 9
940 1079 961 1119 p.
973 1067 1018 1113 III,

136 1132 188 1172 dum
200 1134 274 1173 censet
284 1133 400 1184 losephum
411 1145 433 1173 se
444 1135 532 1174 omnino
543 1134 655 1186 indignum
665 1134 770 1175 iudicasse
781 1136 852 1174 tantae
863 1132 971 1185 dignitatis
981 1132 1018 1171 han

74 1216 76 1220 Α
136 1198 220 1237 bitandi
228 1209 277 1238 cum
288 1198 374 1249 Virgine
386 1201 406 1238 et
416 1201 530 1251 propterea
540 1199 632 1239 voluisse
641 1199 749 1252 Virginem
759 1199 876 1239 dimittere.
889 1199 947 1238 Inter
956 1197 1019 1237 ratio-

135 1276 173 1304 nes
190 1275 238 1303 eam
253 1263 391 1316 potissimum
408 1262 473 1305 Saba.
492 1267 554 1317 urget
574 1276 636 1317 quam
656 1264 733 1306 artam
749 1276 840 1316 quoque,
857 1263 1018 1305 recentissimus

135 1330 181 1376 eius
197 1330 315 1370 sententiae
331 1331 441 1381 patronus,
454 1331 515 1370 ellert
530 1333 538 1371 l
554 1343 574 1382 p.
588 1332 634 1378 aab,
649 1331 675 1370 ci.
689 1329 785 1383 Cornalp,
797 1330 877 1370 Introd.
894 1330 922 1369 lll
937 1341 957 1380 p.
970 1328 1016 1376 2002,

134 1395 199 1435 verba
208 1398 278 1435 textus
291 1407 338 1436 esse
347 1397 476 1436 coniunctim
487 1397 586 1448 legenda;
599 1397 694 1448 alioquin
705 1396 818 1436 dlvidendo
829 1396 871 1435 vim
881 1394 1016 1435 manifestam

134 1460 179 1500 fieri
190 1461 282 1509 litterae,
295 1464 316 1501 et
326 1472 398 1501 reruni
411 1473 464 1512 quae
479 1464 537 1502 actae
552 1463 593 1502 sint
607 1462 629 1502 in
643 1462 705 1502 domo
719 1462 832 1503 Zachariae
846 1461 960 1512 Iosephum
973 1472 1015 1499 non

133 1526 229 1578 potuisse
246 1538 291 1566 esse
305 1527 403 1578 ignarum
418 1531 438 1566 et
451 1527 471 1566 b.
482 1527 589 1579 Virginem
605 1540 658 1579 quae
670 1528 693 1567 in
703 1528 767 1568 domo
782 1525 896 1568 Zachariae
911 1525 1016 1578 magnalia

132 1592 170 1631 Dei
180 1592 337 1632 annuntiaverit
350 1604 392 1632 non
403 1604 466 1644 posse
477 1594 560 1641 censeri
573 1594 647 1634 eadem
658 1595 736 1634 celasse
748 1605 797 1633 eum
808 1585 842 1633 cui
856 1592 908 1633 adeo
919 1592 1015 1632 subiecta

132 1657 198 1698 tuerit
209 1662 229 1698 et
240 1658 277 1710 qui
292 1658 374 1698 ratione
386 1658 559 1710 desponsationis
570 1659 603 1699 ius
618 1659 672 1699 illud
688 1659 829 1710 cognoscendi
840 1656 946 1698 habuerit.
957 1657 1015 1696 Alios

133 1723 230 1762 eiusdem
241 1724 359 1763 sententiae
369 1726 470 1775 patronos
481 1724 532 1763 Bor.
544 1736 629 1775 quoque
639 1727 735 1764 recenset
746 1725 782 1775 qni
793 1727 866 1764 tamen
877 1722 922 1775 ipse
934 1722 963 1761 eis
974 1722 1015 1761 mi-

132 1788 190 1827 nime
201 1789 334 1840 suffragatur,
345 1789 397 1840 quia
410 1801 459 1829 cum
470 1789 611 1841 evangelistae
625 1790 695 1830 verbis
708 1801 752 1829 non
762 1792 818 1829 reete
830 1789 947 1834 cohaereat,
960 1799 1014 1839 quae

132 1854 149 1892 si
161 1857 218 1893 recta
229 1854 376 1906 expendantur
386 1855 466 1894 trutina
477 1867 580 1906 apparere
593 1855 622 1894 ait
632 1855 749 1907 Iosepbum
760 1856 808 1895 ante
822 1853 890 1906 angeli
902 1852 1015 1905 apparitio-

101 1961 103 1965 .
130 1931 180 1960 nem
191 1920 253 1971 plane
262 1921 370 1971 ignorasse
381 1921 402 1959 b.
415 1920 523 1972 Virginem
535 1933 560 1961 ex
571 1921 652 1973 Spiritu
663 1933 680 1960 s.
694 1921 825 1972 concepisse.

158 1987 226 2036 Atque
236 1985 330 2037 protecto
340 1997 365 2025 ea
373 1986 394 2025 in
406 1988 516 2026 sententia
527 1987 585 2027 aliud
596 1998 723 2038 responsum
732 1987 758 2027 ab
768 1987 843 2037 angelo
853 1985 898 2025 dari
909 1987 1015 2036 exspecta-

130 2063 201 2091 remus
211 2063 254 2091 non
263 2054 336 2092 autern
346 2051 404 2091 idem
416 2053 441 2091 ab
452 2063 476 2091 eo
488 2052 528 2092 dici
540 2053 596 2103 quod
611 2064 635 2092 ea
646 2053 668 2091 in
679 2052 817 2103 explicatione
828 2051 918 2103 losepho
929 2051 972 2089 iarn
984 2050 1015 2089 in-

130 2119 237 2156 notuerat.
248 2118 289 2157 Gur
298 2117 357 2156 enim
367 2129 410 2156 non
418 2120 515 2157 vereatur
525 2118 611 2158 llariam
623 2118 718 2169 accipere
727 2118 848 2172 coniugem,
859 2116 938 2156 nullam
948 2115 1012 2156 aliam

128 2183 236 2222 rationem
247 2183 273 2221 ab
287 2182 362 2233 angelo
374 2182 445 2222 afferri
456 2183 556 2223 audimus
569 2182 611 2223 nisi
625 2183 713 2235 quiade
728 2183 807 2234 SpirItu
821 2185 894 2222 sancto
908 2182 1011 2233 concepIt.

129 2247 171 2287 Sed
183 2248 234 2287 haec
245 2250 277 2287 est
286 2259 310 2288 ea
321 2248 343 2287 in
355 2248 457 2299 opinione
467 2248 513 2300 ipsa
523 2249 560 2288 illa
573 2249 626 2289 ratio
636 2260 674 2289 cur
684 2249 787 2301 Iosephus
798 2251 859 2301 putet
875 2247 914 2288 sihi
926 2259 973 2288 esse
984 2259 1013 2287 re-

129 2313 249 2353 cedendum
265 2316 286 2353 et
301 2314 470 2354 renuntiandum
487 2315 528 2354 iuri
546 2326 591 2354 suo.
607 2314 715 2362 Quomodo
732 2315 804 2367 itaque
819 2315 870 2354 haec
885 2313 958 2353 eadem
973 2313 1013 2364 ipsi

130 2380 220 2430 proponi
231 2381 303 2431 potest
316 2380 378 2428 ratio,
388 2382 413 2419 ut
424 2391 471 2420 earn
484 2380 589 2431 accipiat?
599 2380 718 2420 Dicendum
731 2382 775 2420 erat
788 2380 822 2419 vel
833 2379 909 2419 saltem
921 2378 1012 2417 innuen-

129 2444 182 2483 dum
193 2444 234 2484 hac
243 2444 336 2496 Spiritus
347 2457 365 2484 s.
375 2446 540 2484 obumbratione
552 2456 601 2484 eum
611 2445 700 2484 minime
709 2445 818 2496 prohiberi
828 2456 898 2496 neque
911 2455 957 2484 eam
967 2455 1011 2483 esse

129 2509 271 2549 reverentiam
282 2521 344 2560 quam
355 2509 447 2561 Spiritus
459 2521 475 2549 s.
487 2510 514 2550 ab
526 2522 550 2550 eo
559 2510 654 2562 postulet
667 2513 689 2550 ut
700 2511 806 2562 relinquat
819 2521 925 2562 sponsam,
937 2521 1011 2549 verum

130 2575 202 2627 potius
217 2578 239 2614 ut
250 2575 269 2615 ei
284 2575 369 2615 assistat
385 2587 475 2627 eamque
486 2580 588 2628 protegat,
605 2587 654 2616 curn
669 2577 769 2616 constitui
784 2578 861 2616 testem
875 2578 896 2615 et
909 2577 1012 2627 protecto-

128 2652 173 2680 rem
187 2641 275 2692 virginis
287 2641 370 2681 matris.
380 2641 421 2681 Sed
433 2641 475 2681 tale
490 2642 542 2693 quid
557 2643 645 2694 angelus
658 2654 701 2682 non
716 2642 818 2694 loquitur.
833 2640 910 2681 Grtnrm
925 2640 1012 2691 quidem

127 2706 196 2757 angeli
209 2707 272 2746 verba
284 2707 314 2746 lta
327 2705 516 2746 circumlocutione
530 2706 642 2757 exprimit:
654 2705 736 2745 nullum
748 2707 773 2745 ab
786 2717 811 2745 ec
823 2706 857 2745 ius
865 2704 946 2750 violari,
957 2703 974 2743 si
983 2715 1014 2743 ac-

127 2771 143 2809 ci
148 2771 192 2821 piat
202 2772 289 2811 illariam
298 2783 387 2811 uxorem
398 2773 418 2812 et
430 2783 476 2811 earn
488 2772 510 2811 in
519 2783 579 2821 suern
591 2771 679 2811 domum
692 2771 792 2818 adduam,-
804 2782 853 2811 curn
865 2770 921 2810 eninr
933 2769 1015 2816 tructus

126 2836 204 2875 ventris
216 2837 263 2876 eius
274 2838 301 2877 sit
312 2837 337 2877 de
349 2837 430 2888 Spiritu
443 2840 522 2885 sancto,
533 2849 576 2877 nou
588 2837 688 2877 exsistere
699 2839 781 2888 patrem
791 2828 850 2875 euius
861 2835 893 2875 ins
903 2835 971 2875 vereri
981 2834 1016 2874 de-

128 2901 185 2939 beat.
194 2900 273 2951 Utique
281 2900 310 2939 ita
320 2900 410 2951 angelus
418 2900 475 2951 loqui
487 2900 562 2940 debuit
571 2901 593 2939 in
600 2900 636 2940 illa
644 2900 749 2940 sententia
756 2911 760 2947 ;
768 2900 790 2938 at
798 2910 851 2939 nuni
862 2900 891 2939 ita
904 2899 1014 2955 loquitur?
1027 2933 1029 2937 .

127 2967 157 3005 Ex
174 2965 243 3004 verbis
261 2965 329 3016 planis
345 2965 398 3005 nibil
413 2965 470 3006 aliud
485 2965 537 3005 dicit
552 2966 592 3005 nisi
610 2959 667 3017 (iared
684 2958 785 3016 Iosephus
801 2965 844 3004 ianr
860 2966 919 3004 novit
937 2976 961 3004 ea
977 2976 1011 3003 aea

125 3030 225 3083 ceptione
245 3030 361 3081 supposita.
374 3032 433 3071 Idem
450 3043 536 3082 quoque
555 3031 631 3079 elucet,
644 3031 694 3081 quia
711 3029 800 3083 Tlteopb.
816 3033 837 3071 et
855 3029 919 3072 Saba.
932 3032 955 3069 ut
971 3029 1013 3068 sibi

125 3100 222 3137 constent
237 3096 259 3136 in
275 3095 516 3147 interpretandarum
529 3099 597 3137 textus
612 3097 636 3136 ab
651 3095 712 3136 obvio
727 3108 764 3136 suo
780 3108 843 3137 sensu
862 3097 884 3135 in
900 3095 964 3135 aliam
978 3107 1012 3134 ac-

123 3163 245 3215 ceptionem
264 3162 403 3210 carcinoma
421 3164 441 3201 et
458 3162 492 3202 ille
509 3162 597 3213 quidem
620 3173 665 3201 :ne
683 3161 766 3211 timeas,
778 3163 818 3203 hoc
834 3165 873 3210 est,
885 3164 909 3202 tu
925 3160 1011 3212 quidem
