2211 3575
363 252 365 255 ·
382 222 385 229 ¹
421 215 498 279 nrnrrri.
515 241 535 286 l,
545 238 592 278 M.
744 236 751 254 ‘
917 248 953 286 197
1024 249 1025 252 ’

76 374 78 376 .
96 343 124 385 Ut
129 340 201 385 Adam
209 340 296 399 primus
304 341 430 400 eparadiso
438 340 464 384 in
472 340 587 385 desertum
596 340 725 394 eiectusest
734 338 766 382 ita
773 337 831 382 alter
839 336 913 381 Adam
921 337 950 381 de

24 419 26 423 ’
65 412 156 457 ¹deserto
165 413 194 457 ad
202 412 333 471 paradisum
342 412 437 457 revertit
448 412 534 471 (Artaba.
544 415 589 456 Luc
602 410 661 470 t,7);
674 415 734 456 lesus
743 410 824 454 diaetas
832 416 887 453 estu
897 408 949 468 Spi-

66 482 204 543 ritudrtptn
215 498 241 527 ex
250 483 344 541 regione
353 484 402 528 scil.
412 486 434 527 et
444 483 503 527 valle
511 483 614 527 Iordanis
625 482 654 525 ad
664 482 781 538 regionem
792 480 907 526 altiorem.
915 483 947 525 lin

66 553 188 599 traditione
200 554 294 615 antiqua
306 556 424 600 desertum
433 557 482 597 erat
495 553 684 612 septemtrionem
698 567 775 596 versus
785 568 798 596 a
810 552 899 596 Iericho
910 552 948 595 eui

31 635 32 638 ’
65 628 144 684 postea
151 640 233 671 nomen
240 629 393 680 Qnarantana,
404 624 467 683 apud
476 624 563 668 Arabes
572 622 683 667 Dsehebel
692 623 802 666 lluruntel
811 621 948 682 (Karantel),

66 697 105 756 qni
114 695 230 743 monsh73
237 701 294 741 met.¹
304 697 365 740 altus
374 696 445 755 plane
455 694 564 739 horridus
572 698 606 739 est
616 698 638 738 et
647 693 750 738 cavernis
759 693 948 753 praecipitiisque

47 780 49 784 ’
66 768 161 823 obsitus;
177 771 213 813 cui
223 767 341 812 traditioni
353 782 400 811 non
414 766 487 810 omnis
502 765 558 810 fides
574 766 617 810 erit
630 765 766 822 deneganda
778 780 830 810 cunr
843 764 891 808 iam
909 780 949 808 an-

65 835 191 899 tiquissimo
203 843 305 898 tempore
314 854 341 882 eo
350 839 374 882 in
384 838 435 882 loco
444 837 511 881 multi
519 838 631 895 degerent
637 837 786 881 anachoretae
798 835 882 880 Christi
891 836 949 880 ieiu-

65 911 128 954 nium
141 926 166 955 ac
180 909 326 955 solitudinem
342 911 382 969 pia
395 909 508 954 memoria
520 910 654 970 recolentes.
670 911 696 952 nt
706 907 820 953 Christum
831 910 947 952 versatum
971 944 972 947 ,

66 996 112 1026 esse
120 982 143 1026 in
152 982 201 1026 loco
208 981 236 1026 ab
246 982 366 1026 hominum
373 980 537 1026 consuetudine
548 981 614 1025 valde
623 983 718 1035 remoto,
728 979 817 1024 indicat
825 981 845 1024 S.
859 982 947 1023 llarcus

64 1054 165 1099 scribens
179 1070 184 1098 τ
199 1057 293 1113 eratque
303 1069 356 1098 cum
368 1053 543 1113 hestiis'(1‚13);
554 1054 600 1111 alii,
612 1054 646 1099 uti
656 1053 728 1099 ltlold.
743 1053 843 1115 Sclrepp,
854 1053 946 1098 Schultz
960 1051 962 1055 ’

65 1125 124 1169 idem
132 1126 246 1170 desertum
259 1139 305 1169 esse
317 1123 496 1182 intelligendum
507 1127 618 1179 statuunt,
629 1125 656 1168 de
667 1140 711 1183 quo
720 1130 764 1179 3‚t,
779 1143 789 1166 n
807 1125 861 1184 qnia
871 1141 954 1184 prope·

65 1196 184 1240 Iordanem
194 1198 243 1240 erat
254 1198 276 1239 et
283 1195 448 1254 quiaabsclute
462 1195 575 1240 desertum
587 1194 726 1256 appellatur;
734 1196 815 1242 ductus
824 1200 857 1240 est
865 1211 921 1253 ergo
932 1212 946 1241 a

65 1267 159 1311 Iordane
169 1268 193 1311 in
203 1267 307 1311 intimam
317 1267 465 1310 solitudinem
477 1283 488 1307 »
499 1265 600 1326 (ruald).
610 1267 742 1310 Declaratur
752 1260 828 1311 autem
839 1267 946 1325 specialis

64 1338 175 1397 impulsus
189 1337 284 1397 Spiritus
298 1338 383 1391 sancti3
399 1339 470 1381 immo
486 1350 491 1382 :
506 1341 527 1381 et
543 1338 619 1382 statim
637 1338 734 1396 Spiritus
746 1338 830 1396 expulit
839 1353 891 1381 eum
904 1338 946 1396 (ἐκ-

64 1411 140 1468 satta)
151 1410 176 1454 in
186 1409 299 1454 desertum
311 1407 485 1469 (llaro.1‚12)et
496 1424 500 1452 :
512 1412 572 1455 lesus
582 1410 664 1468 plenus
677 1408 762 1468 Spiritu
770 1411 847 1453 sancto
856 1423 946 1466 regres-

62 1495 99 1525 sus
109 1484 141 1526 est
153 1496 167 1525 a
180 1479 273 1525 Iordane
284 1483 306 1524 et
317 1480 432 1538 agebatur
444 1495 458 1523 a
471 1480 556 1539 Spiritu
567 1481 716 1528 indesertum
724 1479 800 1539 (ἤγετο,
816 1483 868 1524 Luc.
883 1479 943 1539 t,1);

62 1552 246 1610 notaturitaque
260 1551 301 1605 vis,
317 1551 426 1605 efficacia,
446 1550 551 1603 alacritas
566 1551 662 1610 Spiritus
676 1565 734 1609 quae
753 1551 839 1595 eratin
856 1551 944 1596 Christo
977 1595 979 1598 .

66 1623 142 1682 (Lep.)
153 1626 174 1667 et
184 1622 326 1679 significatur
336 1622 452 1684 Christum
466 1622 557 1666 obviam
567 1623 600 1666 ire
613 1621 647 1666 rei
660 1623 743 1666 summi
753 1622 864 1667 momenti
878 1638 944 1666 eum-

65 1710 108 1753 que
125 1694 223 1738 manimo
236 1693 311 1737 studio
331 1696 354 1737 et
368 1694 458 1737 fervore
470 1696 492 1737 et
509 1694 597 1750 ingenti
609 1692 721 1736 desiderio
732 1694 810 1738 salutis
820 1693 943 1737 hominum

62 1765 134 1809 vitani
141 1764 203 1809 illam
212 1765 236 1807 in
244 1764 368 1808 solitudine
376 1763 468 1808 obiisse.
480 1767 506 1807 nt
516 1778 556 1807 cur
563 1765 620 1808 adeo
628 1778 642 1807 a
648 1763 733 1823 Spiritu
742 1764 875 1823 impellatur
884 1768 906 1808 et
914 1765 943 1809 ad

62 1836 118 1896 quid
129 1836 239 1895 impulsus
253 1835 293 1878 ille
306 1836 391 1891 valeat,
407 1834 523 1879 indicatur
535 1843 561 1878 ut
573 1842 725 1879 restauratore
739 1835 837 1888 diaholo,
850 1838 876 1879 ut
892 1836 941 1881 scil.

62 1907 184 1952 certamine
204 1906 259 1950 inito
283 1906 411 1962 diabolum,
433 1906 562 1964 prinoipem
587 1906 655 1950 huius
675 1906 764 1962 mundi,
785 1907 896 1961 vinceret,
918 1912 944 1951 ut

61 1979 180 2023 inchoaret
192 1991 295 2038 pugnam
314 1978 379 2021 illam
400 1980 422 2020 et
435 1976 564 2032 victoriam,
584 1978 612 2022 de
629 1992 675 2036 qua
689 1977 735 2022 iam
752 1978 777 2021 in
793 1978 868 2037 primo
883 1979 943 2023 vati-

61 2050 121 2093 cinio
132 2049 245 2093 messiano
255 2048 340 2092 mentio
347 2048 372 2092 fit
381 2049 444 2108 (Gen.
458 2052 510 2100 3,15
521 2048 607 2108 hebr).
620 2051 645 2092 In
654 2048 761 2108 paradiso
771 2049 859 2108 primns
869 2040 944 2093 Adam·
980 2094 981 2097 ,

62 2120 162 2165 devictus
175 2123 216 2173 est,
227 2119 301 2163 >vincit
316 2120 375 2163 alter
389 2119 462 2163 Adam
478 2118 502 2163 in
519 2115 619 2174 deserto;
631 2123 657 2163 ut
666 2120 743 2179 priore
753 2120 792 2163 illo
806 2119 884 2164 duello
899 2135 940 2165 nos

62 2205 139 2236 omnes
151 2193 175 2235 in
190 2190 262 2235 Adam
276 2191 405 2249 expugnati,
415 2195 437 2234 et
450 2190 545 2234 subiecti
559 2206 645 2247 snmus,
657 2190 688 2234 ita
697 2193 834 2236 conveniens
845 2196 901 2246 erat,
914 2196 941 2236 ut

60 2262 233 2322 persecundum
249 2261 321 2305 Adam
335 2262 447 2305 victorem
462 2261 529 2304 nobis
544 2264 606 2305 certa
622 2262 729 2305 victoriae
742 2265 793 2320 spes
807 2263 873 2305 tieret
884 2265 905 2305 et
917 2266 942 2306 ut

60 2332 172 2377 secundus
184 2327 255 2376 Adam
269 2335 387 2391 repararet
404 2331 466 2391 quod
478 2331 502 2375 in
516 2331 592 2391 primo
605 2331 681 2376 duello
694 2332 755 2377 Adae
770 2348 822 2378 cum
834 2338 941 2392 serpente

52 2404 177 2449 'amisimus
189 2402 288 2462 (Saloe).
299 2403 388 2448 llessias
397 2417 412 2447 a
421 2403 540 2462 prophetis
550 2406 576 2448 ut
586 2406 663 2457 auctor
671 2400 698 2447 'et
710 2404 805 2462 largitor
815 2405 942 2450 sanctitatis

61 2474 206 2529 describitur}
223 2475 253 2518 ad
264 2475 305 2518 hoc
316 2478 394 2519 autem
405 2488 495 2518 necesse
505 2474 550 2518 fuit
559 2478 584 2518 ut
597 2475 664 2519 illum
676 2475 715 2534 qui
725 2478 842 2534 peccatum
853 2476 942 2520 invenit

54 2549 82 2590 ‘et
94 2546 208 2608 homicida
222 2545 251 2589 ab
262 2545 326 2589 initio
339 2545 487 2605 iniquitatem
496 2549 616 2604 promovet
626 2550 777 2605 compesceret
787 2562 813 2591 aa
823 2562 941 2606 expugna-

59 2620 105 2671 ret;
118 2631 187 2676 quare
204 2616 232 2660 ad
247 2617 289 2660 hoc
306 2620 422 2661 certamen
438 2617 567 2661 ineundum
581 2617 658 2675 agitur
671 2632 685 2661 a
695 2618 780 2677 Spiritu
789 2619 812 2662 in
823 2618 940 2663 desertum
1026 2667 1029 2677 1

61 2687 101 2748 (ita
117 2689 140 2733 S.
158 2681 234 2732 l'bom.
251 2687 300 2732 Alo.
318 2687 391 2732 llluld.
408 2688 469 2732 lans.
485 2690 538 2732 Bur.
557 2688 621 2747 Splu.
636 2690 715 2747 Lamp,
732 2691 787 2749 Lep.
809 2689 937 2747 Colerz'dpe,

61 2759 169 2818 Grimm).

57 2825 58 2829 ’
89 2849 99 2871 «
111 2834 195 2888 Moyses
203 2833 228 2875 ut
238 2831 312 2889 legem
324 2831 440 2889 acciperet
450 2831 549 2874 secundo
558 2830 639 2875 diebus
648 2831 802 2889 rprradraginta
812 2831 936 2886 ieiunavit3

59 2902 117 2946 Elias
130 2902 154 2945 in
169 2902 255 2946 deserto
266 2902 423 2961 quadraginta
434 2900 514 2944 diebus
526 2901 638 2946 abstinuit
651 2920 661 2943 n
680 2901 713 2962 (S.
730 2902 861 2962 Greporins,
873 2904 937 2948 hom.

60 2976 86 3016 16
95 2972 119 3016 in
130 2988 210 3030 evang.
219 2987 223 3027 ;
232 2975 263 3017 ll.
273 2973 393 3033 rt‚1137);
403 2973 437 3017 uti
447 2972 568 3029 legislator
574 2967 667 3028 filant
675 2974 734 3019 Elias
742 2974 828 3019 zelator
838 2974 938 3019 foederis

58 3043 151 3103 eiusque
165 3043 228 3102 quasi
235 3045 357 3100 restitutor,
369 3045 402 3089 ita
411 3044 499 3089 Messias
512 3045 552 3104 qui
562 3045 639 3103 legem
648 3048 670 3090 et
682 3046 814 3105 prophetias
828 3046 938 3105 impletu-

58 3128 96 3158 rus
112 3118 211 3170 venerat,
228 3114 252 3157 in
265 3115 355 3160 deserto
371 3117 465 3175 quoque¹
477 3115 635 3175 qaeudropa'ntu
653 3115 731 3161 diebus
747 3125 767 3161 et
782 3117 938 3176 prcudropa'ntu

57 3185 160 3231 noctibus
177 3186 294 3242 ieiunavit,
309 3201 380 3246 quam
395 3202 448 3232 cum
466 3187 557 3232 duobus
572 3188 617 3246 illis
633 3189 715 3233 veteris
732 3189 830 3233 foederis
842 3188 937 3232 testibus
