2211 3575
369 219 372 223 ’
431 234 508 265 uersu.
523 225 543 273 2.
559 223 591 263 lt.
669 235 672 239 ⁷
919 226 956 265 tte
1005 245 1010 254 ·

71 327 140 383 atque
151 325 308 370 eadem'nocte
318 326 387 370 etiam
398 326 507 385 angelum
518 325 613 386 losepho
625 322 739 370 adstitisse
749 324 875 383 fugamque
887 329 954 384 prae·
967 348 969 369 2
1037 338 1038 341 ’

72 397 167 455 cepisse3
182 398 211 441 cf.
226 396 300 454 Petet,
317 397 411 456 Grimm,
424 397 541 443 Mescbler.
589 444 591 447 ,
716 392 719 397 ’
965 416 970 435 ³

31 519 33 522 .
101 467 197 512 Nuntius
206 472 283 513 autem
294 469 388 514 affertur
397 471 501 529 Iosepho‚
515 473 594 529 utpote
604 468 674 528 capiti
684 468 785 513 familiae
797 468 953 513 sanctissimae
966 511 969 514 ,

73 539 140 598 (Tost.
147 539 223 600 Bon),
235 540 275 601 qui
285 544 309 585 ut
318 541 372 586 talis
383 544 405 585 et
414 544 439 597 ut
447 540 518 600 patris
527 555 553 584 ac
563 540 645 584 tutoris
653 553 748 583 munere
759 541 859 596 fungens
870 541 952 583 aooelo

41 643 42 646 η
72 611 214 668 agnoscitur3
226 615 252 657 ut
265 613 299 656 vir
309 614 391 657 tlariae
402 613 423 655 ei
432 626 522 671 quoque
536 610 592 670 quid
601 611 733 655 laciendum
743 612 772 655 sit
782 610 893 655 mandata
900 624 952 669 per-

73 682 122 726 fert.
133 684 222 743 losephi
231 683 301 727 fidem
309 686 331 727 et
338 683 492 727 obedientiam
499 682 587 727 meritis
593 683 701 727 laudibus
709 682 810 727 celebrat
817 683 841 726 S.
853 681 952 741 Chrys:

72 770 83 794 c
92 754 128 799 his
137 754 220 799 auditis
229 755 309 814 Ioseph
321 744 367 799 non
377 747 476 799 offensus
490 757 522 798 est
532 769 606 813 neque
618 754 675 799 dixit
687 767 691 798 :
705 754 813 812 aenigma
822 757 855 799 est
863 754 915 808 hoo,
928 757 952 797 tu

69 818 144 884 nuper
154 825 247 870 dicebas
259 841 264 871 :
274 826 363 870 salvum
373 826 441 870 faciet
451 826 564 886 populum
575 840 648 881 suum,
658 841 720 884 nunc
729 829 805 884 autem
814 840 843 870 ne
853 825 951 884 seipsum

70 896 165 955 quidem
175 900 249 956 potest
262 898 357 953 salvare,
371 888 479 956 sedluga
491 888 560 941 nobis¹
575 912 631 957 opus
642 900 674 941 est
685 901 707 942 et
722 896 913 958 peregrinatione
925 911 951 940 ac

46 1024 48 1028 .
69 968 196 1028 longinqua
205 963 539 1027 transmigratione?contraria
549 972 602 1013 sunt
611 969 668 1013 haec
677 968 824 1029 promissioni
834 971 893 1013 tuae.
906 967 949 1012 Sed

68 1039 128 1084 nihil
138 1040 269 1085 huiusmodi
279 1040 346 1093 dixin
358 1041 433 1090 fidelis
444 1041 504 1085 enim
515 1041 550 1085 vir
562 1044 618 1095 erat,
627 1056 702 1100 neque
713 1041 848 1084 reversionis
860 1043 950 1098 tempus

69 1111 172 1170 inquirit,
190 1112 279 1166 etiamsi
292 1112 390 1170 angelus
403 1112 522 1156 indefinite
531 1112 620 1156 loeutus
629 1115 673 1166 est;
685 1126 764 1156 verum
779 1111 818 1155 ille
832 1125 878 1155 non
892 1110 949 1154 adeo

67 1182 160 1240 segnior
168 1183 240 1227 factus
250 1186 290 1237 est,
303 1183 342 1227 sed
355 1186 421 1242 paret
430 1188 452 1227 et
462 1184 606 1242 obtemperat
615 1182 798 1242 tentationesque
809 1196 887 1227 omnes
897 1195 949 1225 oum

68 1253 152 1317 gaudio
159 1254 242 1299 tolerat
254 1272 264 1295 »
277 1254 335 1314 (sim.
345 1253 415 1299 azert.
422 1256 483 1299 lues.
491 1254 567 1314 Lep).
576 1254 785 1299 Gurauteminfans
792 1254 883 1298 divinus
888 1254 948 1312 supa

67 1325 153 1369 servari
163 1326 254 1379 debeat,
269 1341 320 1370 cum
334 1326 455 1370 innumera
465 1329 510 1370 Deo
523 1326 628 1370 subsidia
639 1329 729 1385 praesto
740 1329 820 1380 essent,¹
829 1324 898 1369 variis
910 1339 948 1379 ra-

66 1396 167 1441 tionibus
175 1397 299 1442 deolarant.
310 1400 385 1442 tlonet
393 1399 418 1442 S.
428 1398 508 1458 Chrys.
516 1397 724 1458 adDeipoteutiam
732 1412 824 1456 quoque
831 1396 948 1456 pertinere

66 1483 111 1512 non
121 1467 189 1513 modo
197 1469 303 1513 inimicos
312 1469 391 1528 palam
403 1469 527 1529 profligare
538 1469 655 1514 sedetiam
670 1469 736 1513 facile
748 1468 863 1528 decipere;
878 1482 947 1527 porro

66 1554 117 1584 cum
126 1539 209 1583 Filium
221 1555 287 1584 suum
292 1540 391 1585 voluerit
399 1539 466 1585 indui
474 1540 577 1585 humana
586 1543 669 1584 natura
680 1555 752 1599 eaque
763 1538 864 1584 infantili
873 1542 946 1583 aetate

66 1611 86 1654 ei
99 1601 225 1655 conditioni
237 1626 329 1671 quoque
340 1606 538 1657 accommodatum
546 1615 603 1666 erat,
612 1615 637 1656 ut
646 1627 673 1656 eo
682 1612 751 1656 modo
761 1613 890 1655 servaretur
901 1625 945 1669 quo

65 1682 176 1741 puerulus
188 1682 277 1726 insidiis
290 1682 394 1728 subtrahi
407 1683 475 1738 solet;
486 1683 519 1727 ita
534 1682 603 1726 simul
619 1697 697 1727 veram
711 1673 760 1726 eius
776 1681 945 1727 humanitatem

65 1753 212 1813 comprobari
221 1753 302 1799 docent
312 1756 337 1798 S.
351 1753 429 1813 Chrys.
447 1769 483 1813 op.
497 1753 553 1814 irrep.
573 1754 649 1799 Tbom.
664 1756 717 1798 Bor.
733 1757 753 1796 et
762 1751 889 1813 ‘puerulum
898 1752 945 1797 iam

65 1839 105 1868 suo
115 1825 219 1885 exemplo
234 1826 392 1869 demonstrare
407 1839 506 1884 suosque
523 1824 619 1869 edocere
633 1824 693 1884 quod
711 1824 859 1884 postmodum
870 1824 945 1868 verbis

63 1896 178 1941 iniunxit:
191 1910 242 1940 cum
256 1910 295 1941 vos
311 1896 425 1955 persecuti
436 1896 521 1941 luerint
532 1896 557 1940 in
573 1911 619 1940 una
633 1896 732 1950 civitate,
748 1896 819 1953 sugite
834 1895 857 1939 in
877 1896 945 1941 aliam

65 1967 149 2027 (llatth.
165 1972 242 2022 102233
258 1983 294 2027 op.
312 1957 369 2028 imp.
385 1970 440 2012 nae.
460 1968 543 2013 Poseb.
559 1968 635 2011 Tbom.
652 1969 713 2012 Iane.
731 1969 802 2025 Bae).
819 1971 877 2012 Haec
891 1969 946 2027 fuga

63 2038 151 2099 pariter
164 2043 196 2083 est
215 2039 330 2098 praelusio
343 2040 456 2099 quaedam
467 2043 498 2084 ‘ao
510 2039 641 2099 praecursio
655 2038 701 2083 odii
712 2042 734 2082 et
744 2038 908 2099 persecutionis
920 2038 944 2082 in

63 2110 176 2163 tlessiam;
187 2110 234 2155 iem
241 2111 322 2170 incipit
332 2111 449 2155 oraculum
457 2111 566 2168 Simeonis
575 2110 668 2169 impleri
677 2124 682 2155 ι
690 2110 776 2169 positus
783 2111 847 2154 estin
854 2110 945 2169 siguum

63 2183 99 2226 oui
114 2182 284 2226 contradicetur
299 2181 359 2242 (Luc.
379 2183 449 2243 2,3t).
465 2185 538 2240 Atque
553 2196 595 2226 nos
610 2181 665 2226 inde
679 2196 776 2241 quoque
787 2181 903 2236 docemur,
920 2176 945 2225 u't

62 2254 86 2297 S.
101 2253 180 2312 Chrys„
195 2254 235 2307 ait
251 2253 279 2296 ah
293 2253 342 2313 ipso
358 2253 425 2297 initio
437 2254 574 2297 tentationes
584 2256 605 2296 et
615 2254 718 2311 pericula
731 2266 778 2296 esse
791 2252 943 2311 exspectanda

64 2324 121 2383 (sim.
133 2324 202 2369 Erilli.
212 2323 283 2382 Iuris.)
293 2327 315 2367 et
323 2324 406 2368 eleetos
414 2324 503 2383 saepius
510 2316 556 2368 suis
562 2323 688 2380 effugatum
694 2323 724 2367 iri
731 2322 824 2367 sedibus
829 2323 867 2368 vel
874 2323 942 2367 etiam
968 2356 970 2359 -

64 2394 145 2440 exsilio
160 2395 295 2439 damnatum
313 2393 400 2455 (Rath
415 2391 470 2440 nam
483 2396 501 2439 si
517 2409 553 2439 me
569 2394 682 2454 persecuti
697 2398 757 2449 suut,
776 2398 798 2438 et
812 2409 851 2438 vos
866 2409 942 2453 perse-

63 2470 163 2526 quentur
178 2469 248 2519 (loen.
261 2468 344 2525 1530).

92 2539 200 2597 Iosephus
216 2539 296 2595 fugere
310 2537 402 2582 iubetur
414 2539 439 2582 in
452 2539 596 2599 nemmem
609 2539 634 2582 in
648 2553 717 2598 quam
732 2539 852 2596 regionem
861 2538 943 2583 itinere

63 2613 113 2653 octo
124 2609 161 2653 vel
179 2609 257 2653 decem
273 2610 362 2654 dierum
381 2610 500 2669 pervenire
516 2613 605 2669 poterat
616 2609 725 2670 (Goliam)
737 2612 760 2654 et
773 2625 824 2655 oum
835 2609 868 2654 ibi
877 2610 943 2654 multi
979 2602 980 2605 ¹

64 2680 200 2736 ludaeorum
214 2678 349 2735 incolerent,
367 2682 435 2725 etiam
453 2681 543 2725 facilius
555 2681 640 2726 victum
656 2681 700 2725 sibi
711 2695 845 2740 comparare
854 2680 941 2725 labori-

64 2751 106 2796 bus
115 2752 177 2812 apud
188 2750 328 2797 contribules
338 2752 450 2812 susceptis
457 2753 540 2811 potuit.
556 2755 581 2796 m
596 2767 649 2796 cum
660 2751 758 2803 docente·
765 2755 786 2795 S.
799 2752 869 2796 Paulo
879 2756 942 2797 vetus

64 2825 224 2867 testamentum
236 2825 265 2868 sit
277 2824 365 2878 umbra,
378 2818 459 2882 corpus
470 2826 546 2868 autem
557 2823 619 2882 quod
632 2824 695 2867 illam
704 2822 827 2883 proiecerit
836 2824 942 2869 urnlsram

61 2894 90 2937 sit
106 2894 189 2939 Christi
207 2894 261 2954 (Col.
284 2895 358 2955 Mt),
377 2895 458 2939 merito
475 2897 570 2939 monent
586 2895 610 2939 S.
633 2894 710 2955 Chrys
733 2898 769 2939 Br.
789 2897 849 2940 lons.
868 2896 940 2941 Metel.

62 2967 117 3024 Lep.
133 2965 218 3009 Gemini
235 2966 320 3026 aliique
336 2967 478 3026 patriarchas
493 2982 583 3027 quoque
599 2968 665 3012 fumis
678 2967 828 3026 depellendae
840 2968 942 3027 vitaeque

15 3036 17 3038 ’
62 3037 185 3081 servandae
206 3051 273 3083 eausa
289 3040 314 3082 in
332 3041 460 3098 Aegyptum
483 3038 639 3094 descendiss03
660 3039 692 3083 ita
709 3039 833 3095 Abraham,
852 3039 885 3084 ita
900 3039 943 3083 filii

62 3108 129 3151 Iacob
140 3112 162 3153 et
171 3099 266 3152 demum
278 3113 327 3153 tota
337 3110 425 3154 familia
434 3110 491 3155 illuc
501 3114 652 3165 secesserunt;
667 3114 771 3170 tempore
779 3126 872 3170 quoque
879 3110 942 3155 urhis

62 3177 190 3224 destructae
198 3179 295 3224 multiiu
306 3182 434 3240 Aegyptum
442 3183 551 3241 fugeruut
562 3181 715 3242 etposteriore
737 3186 839 3241 tempore
848 3182 941 3227 Iudaeo-
