2211 3575
177 255 204 284 *DE
218 251 304 290 nameus
319 251 508 302 ecuirosi'momsynr
523 248 575 281 MODO
589 252 694 282 scuranum
709 252 725 282 S.
742 252 850 281 amrinum.
929 241 954 280 31

31 376 34 379 *
78 350 193 413 primitiva
208 361 255 391 esse
267 344 394 390 videantur.
407 348 438 390 ln
448 345 524 405 primo
538 347 663 405 Evangelio
674 361 741 391 suum
754 349 829 392 iocum
839 346 969 406 postulant

76 421 184 481 incapite
196 421 231 462 18.
243 415 397 476 Ηίεθκθῂὶρϋε
407 416 452 461 alia
462 432 510 461 non
519 429 594 476 pauca
603 418 658 463 addi
669 422 770 477 possunt.
781 422 806 463 ln
816 418 867 478 ipso
881 418 954 477 capite
994 416 995 419 ’

79 498 105 538 18
116 484 183 552 plima
192 487 339 533 inveniuntur
350 502 408 546 quae
418 503 450 531 vea
462 487 500 532 his
508 488 629 548 principiis
642 489 810 547 intelleguntur
819 490 952 548 composita.
974 500 975 509 ¹
1042 505 1044 514 ¹

76 567 105 608 At
120 563 178 606 haec
198 558 290 616 abipso
307 559 417 604 Matthaeo
434 558 511 617 primo
528 558 624 603 inventa
639 563 661 603 ct
679 559 808 617 excogitata
825 574 872 603 non
890 559 953 602 astir-

77 645 176 685 mamus,
185 629 223 674 sed
234 629 342 673 videntur
351 623 582 678 esseconsuetudinis
590 630 696 675 iudaicae
708 633 731 674 et
740 631 836 675 fortasse
848 630 877 673 ab
887 629 954 674 initio

76 705 136 748 inter
149 699 231 746 Christi
241 700 365 759 discipulos
375 704 467 759 recepta
484 700 513 744 ad
526 714 642 745 sermones
656 701 761 759 magistri
770 701 852 746 melius
863 705 884 745 ct
897 700 952 745 laci·
999 695 1001 701 ’

76 775 119 818 lius
134 771 260 816 memoriae
275 771 477 821 commendandos.
493 774 521 815 At
537 774 571 816 Mt
587 772 660 830 magis
676 772 768 817 videtur
786 788 837 817 usus
853 784 899 816 csse
916 771 953 815 his

76 843 221 890 adiumentis.
237 842 275 886 Hic
288 843 369 887 modus
386 842 558 901 compositionis
575 842 621 887 iam
632 842 722 902 pridem
739 844 830 900 agnitus
845 846 884 888 cst.
900 837 952 887 Plu-

75 916 133 975 rima
148 913 241 969 collegit
256 914 360 973 exempla
374 912 459 958 saara.
473 913 558 957 Soiroa
572 916 595 958 0.
610 918 630 959 il.
643 917 669 958 M.
682 914 727 972 (Die
743 915 813 972 Logia
829 912 887 968 iesu,
901 915 952 957 eine

75 983 262 1030 literarkritische
272 984 318 1028 und
334 984 597 1042 literargesohichtlichc
611 986 786 1043 Untersuchung
802 1000 855 1030 zum
870 1000 952 1044 synop-

75 1055 162 1100 tischen
174 1056 285 1100 Problem,
300 1055 486 1100 Neutestamentl.
502 1056 690 1113 Abhandlungen
701 1061 722 1110 (t,
734 1060 755 1100 li.
770 1057 845 1115 taio).

103 1126 229 1186 Aliquoties
243 1129 293 1170 ante
306 1124 422 1183 longiores
435 1140 554 1190 sermones
572 1126 744 1170 sollemniorem
757 1126 952 1170 introductionem

75 1200 97 1241 et
114 1197 314 1257 praeparationem
335 1196 425 1240 lectoris
440 1196 627 1240 animadvertere
641 1197 703 1251 licet,
719 1201 743 1240 ut
760 1201 872 1252 t,23-5,2;
887 1201 951 1251 9,35-

75 1272 138 1322 10,1;
154 1272 242 1322 13,1-3;
255 1266 362 1311 similiter
373 1282 492 1311 sermones
507 1266 614 1311 formulis
630 1267 769 1325 quibusdam
782 1268 951 1312 concluduntur

31 1342 33 1345 ’
75 1330 672 1395 nra-aa11,1;resecati-533rar-maaca
689 1342 749 1390 aci.

104 1409 123 1465 b)
139 1411 187 1451 Non
205 1408 281 1453 minus
297 1422 367 1467 quam
379 1408 404 1461 in
417 1407 573 1467 sermonibus,
585 1407 611 1451 ia
627 1407 750 1452 narrandis
764 1409 835 1467 factis
851 1423 951 1465 evange-

75 1479 126 1523 lista
135 1479 211 1538 potius
223 1494 249 1523 ex
258 1478 308 1523 fine
317 1494 356 1523 suo
368 1478 527 1523 narrationem
538 1478 638 1522 instituit
651 1493 721 1538 quam
734 1479 859 1523 secundum
872 1479 952 1523 (lecur-

74 1565 123 1594 sum
142 1542 285 1595 historicam.
303 1549 367 1600 Quod
385 1550 452 1594 facile
471 1549 617 1606 intellegitur
633 1549 776 1594 considerata
792 1550 870 1594 indole
889 1550 952 1609 capi-
1002 1581 1004 1585 -

74 1625 124 1666 tum
141 1626 153 1665 8
171 1624 193 1664 et
210 1620 481 1675 armamentaria
499 1621 622 1682 sactorum,
637 1635 697 1679 (puae
716 1620 735 1663 si
752 1621 828 1664 obiter
840 1621 951 1677 leguntur

52 1680 53 1683 Ἴ
74 1692 147 1735 videri
171 1694 268 1750 possunt
285 1691 329 1735 sibi
347 1691 481 1735 immediate
502 1691 633 1745 succedere,
651 1705 733 1735 revera
753 1695 829 1735 autem
850 1692 879 1735 ab
898 1691 949 1750 ipso

74 1764 167 1819 auctore
184 1762 217 1805 sio
233 1761 338 1821 ordinata
354 1765 414 1806 sunt.
430 1760 556 1824 Consilium
574 1763 634 1805 enim
650 1763 696 1806 iam
714 1761 739 1804 in
754 1777 780 1823 eo
797 1762 948 1819 cognoscitur,

75 1834 136 1892 quod
149 1834 209 1877 lacta
226 1834 286 1876 trina
296 1839 419 1877 narrantur
433 1847 437 1877 :
452 1831 540 1877 'sanatio
555 1831 642 1891 leprosi
651 1835 722 1886 8,1-t‚
734 1833 794 1876 servi
810 1832 951 1877 cariturionis

74 1908 134 1959 5-13,
149 1905 298 1960 socrusPetri
316 1918 367 1949 cum
386 1903 413 1947 iis
429 1905 469 1962 qui
484 1918 580 1962 vespere
601 1918 613 1946 a
630 1903 725 1947 Domino
741 1907 852 1948 sanantur
871 1907 947 1950 tia-17.

73 1976 148 2019 Altera
161 1977 230 2019 series
245 1989 249 2019 :
265 1975 351 2019 sedatio
365 1976 510 2034 tempestatis
527 1977 630 2028 8,23-27,
643 1975 688 2018 cluo
701 1974 787 2018 obsessi
802 1974 894 2019 liberati
910 1979 950 2019 28-

74 2050 109 2100 3t,
122 2046 261 2105 paralyticus
276 2051 366 2091 sanatus
379 2050 449 2101 tia-82
463 2046 537 2090 Tertia
550 2035 620 2090 series
635 2060 639 2089 :
654 2045 700 2089 filia
711 2045 766 2108 Jairi
778 2046 912 2090 resuscitata
927 2050 950 2090 et

74 2117 156 2161 iuulicr
172 2134 185 2162 a
200 2118 262 2162 tlunu
282 2117 409 2174 sauguinis
421 2120 501 2161 sanata
519 2121 622 2172 ata-20,
639 2116 685 2160 aluo
704 2117 763 2161 caeci
779 2117 852 2161 sanati
871 2121 946 2171 27-31,

74 2190 149 2232 mutus
161 2191 254 2232 sanatus
269 2182 347 2232 32-3t.
360 2191 420 2231 Inter
437 2189 538 2246 primam
556 2190 578 2230 et
592 2187 717 2231 secundam
732 2188 815 2231 seriem
833 2192 946 2242 narratur,

74 2259 129 2317 quid
143 2259 243 2303 Christus
254 2259 328 2315 exigat
342 2259 370 2302 ab
384 2258 411 2302 iis
424 2259 465 2316 qui
479 2272 532 2301 eum
544 2258 610 2315 sequi
623 2258 704 2309 velint,
716 2272 729 2300 a
744 2258 802 2314 legis
816 2259 909 2302 doctore
926 2263 948 2302 et

74 2345 86 2373 a
102 2329 215 2388 discipulo
229 2329 446 2384 8,18-22.Sccuuda
461 2332 482 2372 ct
498 2328 568 2371 tertia
584 2327 653 2371 series
664 2327 815 2385 distinguitur
828 2330 947 2373 vocatione

73 2400 185 2453 lilatthaoi,
201 2415 246 2459 qua
257 2400 350 2444 docetur
364 2414 427 2444 niens
443 2398 533 2453 Christi,
550 2402 571 2443 et
582 2397 766 2458 interpellatione
781 2399 948 2459 discipulorum

73 2471 165 2515 ioannis
175 2472 203 2515 de
219 2471 304 2515 ieiunio
318 2476 338 2526 9,
352 2472 413 2515 9-17'.
427 2474 487 2515 Haec
502 2484 555 2514 casu
570 2469 603 2513 ita
616 2472 681 2527 gesta
695 2484 800 2514 essenon
819 2475 852 2515 est
867 2471 949 2531 proha·
992 2463 994 2467 ¹

74 2541 126 2595 bile,
139 2541 179 2586 scd
197 2542 314 2586 manifesta
333 2547 372 2586 cst
382 2541 480 2586 intentio
497 2536 624 2600 scriptoris,
642 2540 681 2599 qui
698 2542 755 2586 haec
777 2542 903 2586 deliberate
919 2546 950 2587 sic

54 2608 55 2612 ¹
74 2610 155 2669 posint.
171 2616 196 2656 Et
209 2628 288 2657 revera
299 2606 317 2656 si
329 2614 384 2656 haec
397 2627 449 2657 cum
462 2615 534 2656 Marco
544 2607 717 2671 comparantur,
729 2612 804 2657 elucet
812 2614 949 2658 Matthaeum

73 2697 119 2726 non
133 2685 198 2743 sequi
214 2684 318 2727 ordinem
335 2683 534 2740 chronologicum,
549 2686 609 2736 Nam
625 2683 713 2726 sanatio
729 2683 814 2741 leprosi
835 2685 867 2728 dit
884 2687 948 2737 8,1-t

74 2758 133 2797 certo
141 2760 192 2814 post
202 2759 293 2810 art-17
305 2755 365 2797 iacta
375 2758 415 2808 est,
423 2754 495 2797 immo
502 2756 550 2797 tcta
557 2753 627 2797 series
637 2752 765 2796 secuudum
772 2755 808 2799 Mr
815 2755 950 2799 invertenda

74 2829 113 2868 est.
126 2825 189 2869 Unde
197 2825 343 2884 consequitur
356 2825 422 2868 indit
431 2840 476 2868 uon
488 2824 555 2868 facile
569 2823 675 2867 ordinem
690 2824 824 2869 historicum
837 2841 949 2884 quaeren-

74 2893 129 2939 dum
143 2902 200 2951 esse,
211 2896 300 2940 etiamsi
309 2896 402 2941 fortasse
416 2894 529 2955 quaedam
544 2894 598 2939 satis
609 2898 672 2939 arcte
681 2895 740 2939 inter
749 2911 771 2940 se
780 2897 911 2953 coniungat.

104 2970 133 3010 Ex
146 2968 214 3011 totius
228 2967 366 3011 narrationis
381 2968 469 3011 ratione
482 2965 580 3010 ulterius
594 2967 703 3021 cernitur,
718 2968 855 3012 Matthacum
869 2983 949 3013 sccun-

75 3035 129 3080 dum
147 3051 269 3081 numerum
286 3038 400 3082 binarium
417 3041 438 3081 et
454 3037 582 3082 ternaarium
599 3037 719 3081 materiam
734 3038 875 3092 reordinare,
889 3039 948 3097 (pisid
999 3084 1002 3090 ,
1056 3057 1059 3063 ⁴

75 3108 141 3149 ctiam
155 3107 180 3150 in
197 3109 344 3170 sequentibus
361 3110 484 3153 observare
506 3108 592 3152 licebit.
609 3112 634 3152 In
652 3108 767 3167 aliquibus
787 3109 882 3153 dulaium
903 3125 949 3153 esse

74 3181 155 3235 potest,
166 3193 221 3221 num
233 3179 374 3236 evangelista
383 3182 440 3224 haec
448 3180 583 3234 intenderit,
601 3179 736 3239 pracsertim
749 3195 800 3224 curn
812 3181 878 3224 etiam
889 3179 949 3238 apud
