<?xml version="1.0" encoding="UTF-8"?>
<!DOCTYPE html PUBLIC "-//W3C//DTD XHTML 1.0 Transitional//EN"
    "http://www.w3.org/TR/xhtml1/DTD/xhtml1-transitional.dtd">
<html xmlns="http://www.w3.org/1999/xhtml" xml:lang="en" lang="en">
 <head>
  <title>
</title>
<meta http-equiv="Content-Type" content="text/html;charset=utf-8" />
  <meta name='ocr-system' content='tesseract 3.04.00' />
  <meta name='ocr-capabilities' content='ocr_page ocr_carea ocr_par ocr_line ocrx_word'/>
</head>
<body>
  <div class='ocr_page' id='page_1' title='image "./MN41446ucmf_0_0584.png"; bbox 0 0 2239 3511; ppageno 0'>
   <div class='ocr_carea' id='block_1_1' title="bbox 125 153 661 217">
    <p class='ocr_par' dir='ltr' id='par_1_1' title="bbox 125 153 661 217">
     <span class='ocr_line' id='line_1_1' title="bbox 125 153 661 217; baseline -0.009 -3"><span class='ocrx_word' id='word_1_1' title='bbox 125 175 168 215; x_wconf 66' lang='lat' dir='ltr'>⁴ceo</span> <span class='ocrx_word' id='word_1_2' title='bbox 473 153 555 211; x_wconf 58' lang='lat' dir='ltr'>&#39;atiena</span> <span class='ocrx_word' id='word_1_3' title='bbox 572 172 603 217; x_wconf 79' lang='lat' dir='ltr'>n,</span> <span class='ocrx_word' id='word_1_4' title='bbox 620 171 661 210; x_wconf 78' lang='lat' dir='ltr'>r-r.</span> 
     </span>
    </p>
   </div>
   <div class='ocr_carea' id='block_1_2' title="bbox 72 267 1048 3174">
    <p class='ocr_par' dir='ltr' id='par_1_2' title="bbox 89 267 1009 686">
     <span class='ocr_line' id='line_1_2' title="bbox 129 267 1009 329; baseline -0.003 -13"><span class='ocrx_word' id='word_1_5' title='bbox 129 276 197 329; x_wconf 51' lang='lat'>2335</span> <span class='ocrx_word' id='word_1_6' title='bbox 216 287 220 317; x_wconf 93' lang='lat'>:</span> <span class='ocrx_word' id='word_1_7' title='bbox 238 273 255 316; x_wconf 91' lang='lat' dir='ltr'>si</span> <span class='ocrx_word' id='word_1_8' title='bbox 271 270 393 315; x_wconf 87' lang='lat' dir='ltr'>intraveris</span> <span class='ocrx_word' id='word_1_9' title='bbox 407 270 548 328; x_wconf 75' lang='lat' dir='ltr'>insegetem</span> <span class='ocrx_word' id='word_1_10' title='bbox 565 270 632 316; x_wconf 88' lang='lat' dir='ltr'>amici</span> <span class='ocrx_word' id='word_1_11' title='bbox 649 267 693 324; x_wconf 85' lang='lat' dir='ltr'>tui,</span> <span class='ocrx_word' id='word_1_12' title='bbox 711 269 804 326; x_wconf 76' lang='lat' dir='ltr'><strong>franges</strong></span> <span class='ocrx_word' id='word_1_13' title='bbox 819 268 891 327; x_wconf 87' lang='lat' dir='ltr'>spicas</span> <span class='ocrx_word' id='word_1_14' title='bbox 901 271 1009 313; x_wconf 53' lang='lat' dir='ltr'>etssmanu</span> 
     </span>
     <span class='ocr_line' id='line_1_3' title="bbox 130 338 1009 398; baseline -0.003 -11"><span class='ocrx_word' id='word_1_15' title='bbox 130 347 243 395; x_wconf 63' lang='lat' dir='ltr'>conteresq</span> <span class='ocrx_word' id='word_1_16' title='bbox 254 341 315 386; x_wconf 82' lang='lat' dir='ltr'>falce</span> <span class='ocrx_word' id='word_1_17' title='bbox 326 344 403 386; x_wconf 89' lang='lat' dir='ltr'>autem</span> <span class='ocrx_word' id='word_1_18' title='bbox 416 355 463 385; x_wconf 91' lang='lat' dir='ltr'>non</span> <span class='ocrx_word' id='word_1_19' title='bbox 472 345 556 398; x_wconf 79' lang='lat' dir='ltr'>metes3</span> <span class='ocrx_word' id='word_1_20' title='bbox 569 341 647 387; x_wconf 85' lang='lat' dir='ltr'>eadem</span> <span class='ocrx_word' id='word_1_21' title='bbox 658 340 711 397; x_wconf 81' lang='lat' dir='ltr'>lege</span> <span class='ocrx_word' id='word_1_22' title='bbox 724 339 789 384; x_wconf 90' lang='lat' dir='ltr'>licuit</span> <span class='ocrx_word' id='word_1_23' title='bbox 800 340 824 384; x_wconf 93' lang='lat' dir='ltr'>in</span> <span class='ocrx_word' id='word_1_24' title='bbox 834 338 900 384; x_wconf 86' lang='lat' dir='ltr'>vinea</span> <span class='ocrx_word' id='word_1_25' title='bbox 908 340 1009 398; x_wconf 84' lang='lat' dir='ltr'>proximi</span> 
     </span>
     <span class='ocr_line' id='line_1_4' title="bbox 89 411 1006 479; baseline -0.002 -22"><span class='ocrx_word' id='word_1_26' title='bbox 89 427 90 435; x_wconf 57' lang='lat'>¹</span> <span class='ocrx_word' id='word_1_27' title='bbox 131 427 185 474; x_wconf 85' lang='lat' dir='ltr'>uras</span> <span class='ocrx_word' id='word_1_28' title='bbox 205 411 341 467; x_wconf 60' lang='lat' dir='ltr'>comederey</span> <span class='ocrx_word' id='word_1_29' title='bbox 356 412 429 457; x_wconf 91' lang='lat' dir='ltr'>solum</span> <span class='ocrx_word' id='word_1_30' title='bbox 448 413 592 479; x_wconf 79' lang='lat' dir='ltr'>prohibitum</span> <span class='ocrx_word' id='word_1_31' title='bbox 612 415 659 457; x_wconf 89' lang='lat' dir='ltr'>erat</span> <span class='ocrx_word' id='word_1_32' title='bbox 680 426 719 457; x_wconf 88' lang='lat' dir='ltr'>eas</span> <span class='ocrx_word' id='word_1_33' title='bbox 739 425 815 456; x_wconf 89' lang='lat' dir='ltr'>secum</span> <span class='ocrx_word' id='word_1_34' title='bbox 831 411 891 455; x_wconf 87' lang='lat' dir='ltr'>foras</span> <span class='ocrx_word' id='word_1_35' title='bbox 905 411 1006 473; x_wconf 84' lang='lat' dir='ltr'>auterre.</span> 
     </span>
     <span class='ocr_line' id='line_1_5' title="bbox 125 477 1009 543; baseline -0.002 -15"><span class='ocrx_word' id='word_1_36' title='bbox 125 486 210 542; x_wconf 86' lang='lat' dir='ltr'>ltaque</span> <span class='ocrx_word' id='word_1_37' title='bbox 224 477 331 543; x_wconf 76' lang='lat' dir='ltr'>discipuli</span> <span class='ocrx_word' id='word_1_38' title='bbox 347 483 460 528; x_wconf 86' lang='lat' dir='ltr'>faciebant</span> <span class='ocrx_word' id='word_1_39' title='bbox 473 484 538 543; x_wconf 83' lang='lat' dir='ltr'>quod</span> <span class='ocrx_word' id='word_1_40' title='bbox 552 485 625 529; x_wconf 88' lang='lat' dir='ltr'>lacere</span> <span class='ocrx_word' id='word_1_41' title='bbox 639 483 707 528; x_wconf 85' lang='lat' dir='ltr'>licuit.</span> <span class='ocrx_word' id='word_1_42' title='bbox 725 482 802 528; x_wconf 85' lang='lat' dir='ltr'>Merito</span> <span class='ocrx_word' id='word_1_43' title='bbox 815 484 891 527; x_wconf 87' lang='lat' dir='ltr'>autem</span> <span class='ocrx_word' id='word_1_44' title='bbox 902 481 940 531; x_wconf 88' lang='lat' dir='ltr'>hic</span> <span class='ocrx_word' id='word_1_45' title='bbox 956 497 1009 526; x_wconf 89' lang='lat' dir='ltr'>con-</span> 
     </span>
     <span class='ocr_line' id='line_1_6' title="bbox 126 543 1008 615; baseline -0.002 -16"><span class='ocrx_word' id='word_1_46' title='bbox 126 554 252 599; x_wconf 84' lang='lat' dir='ltr'>sideranda</span> <span class='ocrx_word' id='word_1_47' title='bbox 265 558 298 598; x_wconf 88' lang='lat' dir='ltr'>est</span> <span class='ocrx_word' id='word_1_48' title='bbox 313 558 437 615; x_wconf 90' lang='lat' dir='ltr'>paupertas</span> <span class='ocrx_word' id='word_1_49' title='bbox 451 558 473 599; x_wconf 90' lang='lat' dir='ltr'>et</span> <span class='ocrx_word' id='word_1_50' title='bbox 486 556 547 606; x_wconf 79' lang='lat' dir='ltr'>uitae</span> <span class='ocrx_word' id='word_1_51' title='bbox 563 555 689 609; x_wconf 86' lang='lat' dir='ltr'>austeritas,</span> <span class='ocrx_word' id='word_1_52' title='bbox 707 569 754 615; x_wconf 86' lang='lat' dir='ltr'>qua</span> <span class='ocrx_word' id='word_1_53' title='bbox 767 543 873 614; x_wconf 74' lang='lat' dir='ltr'>discipuli</span> <span class='ocrx_word' id='word_1_54' title='bbox 886 569 899 598; x_wconf 90' lang='lat' dir='ltr'>a</span> <span class='ocrx_word' id='word_1_55' title='bbox 910 554 1008 597; x_wconf 87' lang='lat' dir='ltr'>Domino</span> 
     </span>
     <span class='ocr_line' id='line_1_7' title="bbox 130 619 1009 686; baseline -0.002 -16"><span class='ocrx_word' id='word_1_56' title='bbox 130 626 306 681; x_wconf 84' lang='lat' dir='ltr'>exercebantur;</span> <span class='ocrx_word' id='word_1_57' title='bbox 325 643 336 666; x_wconf 75' lang='grc' dir='ltr'>α</span> <span class='ocrx_word' id='word_1_58' title='bbox 353 629 378 672; x_wconf 86' lang='lat' dir='ltr'>tu</span> <span class='ocrx_word' id='word_1_59' title='bbox 391 619 444 671; x_wconf 85' lang='lat' dir='ltr'>vero</span> <span class='ocrx_word' id='word_1_60' title='bbox 459 626 518 671; x_wconf 91' lang='lat' dir='ltr'>mihi</span> <span class='ocrx_word' id='word_1_61' title='bbox 529 626 572 672; x_wconf 80' lang='lat' dir='ltr'>hio</span> <span class='ocrx_word' id='word_1_62' title='bbox 587 626 710 686; x_wconf 89' lang='lat' dir='ltr'>discipulos</span> <span class='ocrx_word' id='word_1_63' title='bbox 724 624 816 680; x_wconf 84' lang='lat' dir='ltr'>mirare,</span> <span class='ocrx_word' id='word_1_64' title='bbox 833 625 865 670; x_wconf 89' lang='lat' dir='ltr'>sic</span> <span class='ocrx_word' id='word_1_65' title='bbox 878 628 972 682; x_wconf 79' lang='lat' dir='ltr'><strong>egentes</strong></span> <span class='ocrx_word' id='word_1_66' title='bbox 985 627 1009 670; x_wconf 80' lang='lat' dir='ltr'>&#39;et</span> 
     </span>
    </p>

    <p class='ocr_par' dir='ltr' id='par_1_3' title="bbox 129 689 1046 968">
     <span class='ocr_line' id='line_1_8' title="bbox 130 689 1040 756; baseline -0.007 -14"><span class='ocrx_word' id='word_1_67' title='bbox 130 696 217 742; x_wconf 87' lang='lat' dir='ltr'>nullam</span> <span class='ocrx_word' id='word_1_68' title='bbox 235 695 399 756; x_wconf 85' lang='lat' dir='ltr'>corporearum</span> <span class='ocrx_word' id='word_1_69' title='bbox 420 699 498 743; x_wconf 80' lang='lat' dir='ltr'>&#39;rerum</span> <span class='ocrx_word' id='word_1_70' title='bbox 516 713 595 744; x_wconf 89' lang='lat' dir='ltr'>curam</span> <span class='ocrx_word' id='word_1_71' title='bbox 613 698 732 751; x_wconf 83' lang='lat' dir='ltr'>habentes,</span> <span class='ocrx_word' id='word_1_72' title='bbox 751 697 789 748; x_wconf 92' lang='lat' dir='ltr'>sed</span> <span class='ocrx_word' id='word_1_73' title='bbox 807 697 837 741; x_wconf 87' lang='lat' dir='ltr'>ita</span> <span class='ocrx_word' id='word_1_74' title='bbox 853 689 1008 755; x_wconf 82' lang='lat' dir='ltr'>perfunctorie</span> <span class='ocrx_word' id='word_1_75' title='bbox 1039 732 1040 736; x_wconf 75' lang='grc'>,</span> 
     </span>
     <span class='ocr_line' id='line_1_9' title="bbox 129 770 1008 830; baseline -0.001 -18"><span class='ocrx_word' id='word_1_76' title='bbox 129 782 232 813; x_wconf 86' lang='lat' dir='ltr'>mensam</span> <span class='ocrx_word' id='word_1_77' title='bbox 252 772 390 828; x_wconf 83' lang='lat' dir='ltr'>apparentes</span> <span class='ocrx_word' id='word_1_78' title='bbox 407 773 435 815; x_wconf 80' lang='lat' dir='ltr'>ut&#39;</span> <span class='ocrx_word' id='word_1_79' title='bbox 451 771 513 815; x_wconf 72' lang='lat' dir='ltr'>fame</span> <span class='ocrx_word' id='word_1_80' title='bbox 530 770 665 830; x_wconf 88' lang='lat' dir='ltr'>plerumque</span> <span class='ocrx_word' id='word_1_81' title='bbox 686 771 855 830; x_wconf 73' lang='lat' dir='ltr'>premerentur,</span> <span class='ocrx_word' id='word_1_82' title='bbox 870 782 912 812; x_wconf 88' lang='lat' dir='ltr'>neo</span> <span class='ocrx_word' id='word_1_83' title='bbox 929 770 1008 812; x_wconf 90' lang='lat' dir='ltr'>tamen</span> 
     </span>
     <span class='ocr_line' id='line_1_10' title="bbox 130 839 1046 900; baseline 0 -17"><span class='ocrx_word' id='word_1_84' title='bbox 130 840 161 884; x_wconf 92' lang='lat' dir='ltr'>sic</span> <span class='ocrx_word' id='word_1_85' title='bbox 179 839 350 898; x_wconf 83' lang='lat' dir='ltr'>discederent»</span> <span class='ocrx_word' id='word_1_86' title='bbox 365 839 401 899; x_wconf 84' lang='lat' dir='ltr'>(S.</span> <span class='ocrx_word' id='word_1_87' title='bbox 417 840 506 900; x_wconf 67' lang='lat' dir='ltr'>Cleops.)</span> <span class='ocrx_word' id='word_1_88' title='bbox 520 843 542 885; x_wconf 91' lang='lat' dir='ltr'>et</span> <span class='ocrx_word' id='word_1_89' title='bbox 554 842 578 886; x_wconf 91' lang='lat' dir='ltr'>S.</span> <span class='ocrx_word' id='word_1_90' title='bbox 597 842 660 885; x_wconf 81' lang='lat' dir='ltr'>Hier.</span> <span class='ocrx_word' id='word_1_91' title='bbox 676 857 684 885; x_wconf 92' lang='grc'>.·</span> <span class='ocrx_word' id='word_1_92' title='bbox 698 860 709 882; x_wconf 80' lang='lat' dir='ltr'>u</span> <span class='ocrx_word' id='word_1_93' title='bbox 729 840 791 899; x_wconf 87' lang='lat' dir='ltr'>quod</span> <span class='ocrx_word' id='word_1_94' title='bbox 804 843 879 884; x_wconf 89' lang='lat' dir='ltr'>autem</span> <span class='ocrx_word' id='word_1_95' title='bbox 893 839 966 898; x_wconf 86' lang='lat' dir='ltr'>spicas</span> <span class='ocrx_word' id='word_1_96' title='bbox 977 854 1008 883; x_wconf 89' lang='lat' dir='ltr'>se·</span> <span class='ocrx_word' id='word_1_97' title='bbox 1044 843 1046 849; x_wconf 84' lang='grc'><strong>“</strong></span> 
     </span>
     <span class='ocr_line' id='line_1_11' title="bbox 129 910 1008 968; baseline -0.002 -13"><span class='ocrx_word' id='word_1_98' title='bbox 129 913 210 968; x_wconf 79' lang='lat' dir='ltr'>gelum</span> <span class='ocrx_word' id='word_1_99' title='bbox 221 910 329 954; x_wconf 86' lang='lat' dir='ltr'>manibus</span> <span class='ocrx_word' id='word_1_100' title='bbox 343 911 471 955; x_wconf 84' lang='lat' dir='ltr'>confricant</span> <span class='ocrx_word' id='word_1_101' title='bbox 484 914 507 955; x_wconf 89' lang='lat' dir='ltr'>et</span> <span class='ocrx_word' id='word_1_102' title='bbox 521 910 624 955; x_wconf 88' lang='lat' dir='ltr'>inediam</span> <span class='ocrx_word' id='word_1_103' title='bbox 633 911 792 968; x_wconf 88' lang='lat' dir='ltr'>consolantur,</span> <span class='ocrx_word' id='word_1_104' title='bbox 804 911 863 954; x_wconf 88' lang='lat' dir='ltr'>vitae</span> <span class='ocrx_word' id='word_1_105' title='bbox 876 910 1008 963; x_wconf 78' lang='lat' dir='ltr'>austerioris</span> 
     </span>
    </p>

    <p class='ocr_par' dir='ltr' id='par_1_4' title="bbox 128 980 1007 1042">
     <span class='ocr_line' id='line_1_12' title="bbox 128 980 1007 1042; baseline 0 -18"><span class='ocrx_word' id='word_1_106' title='bbox 128 980 299 1035; x_wconf 69' lang='lat' dir='ltr'>iudiciariam,</span> <span class='ocrx_word' id='word_1_107' title='bbox 317 995 365 1026; x_wconf 90' lang='lat' dir='ltr'>non</span> <span class='ocrx_word' id='word_1_108' title='bbox 381 985 529 1041; x_wconf 86' lang='lat' dir='ltr'>praeparatas</span> <span class='ocrx_word' id='word_1_109' title='bbox 544 982 623 1042; x_wconf 86' lang='lat' dir='ltr'>epulas</span> <span class='ocrx_word' id='word_1_110' title='bbox 636 982 673 1027; x_wconf 89' lang='lat' dir='ltr'>sed</span> <span class='ocrx_word' id='word_1_111' title='bbox 686 981 752 1026; x_wconf 85' lang='lat' dir='ltr'>cibos</span> <span class='ocrx_word' id='word_1_112' title='bbox 767 981 879 1039; x_wconf 78' lang='lat' dir='ltr'>simplices</span> <span class='ocrx_word' id='word_1_113' title='bbox 894 995 1007 1040; x_wconf 89' lang='lat' dir='ltr'>quaeren-</span> 
     </span>
    </p>

    <p class='ocr_par' dir='ltr' id='par_1_5' title="bbox 119 1052 1019 1192">
     <span class='ocr_line' id='line_1_13' title="bbox 119 1052 218 1098; baseline -0.02 -3"><span class='ocrx_word' id='word_1_114' title='bbox 119 1052 218 1098; x_wconf 74' lang='lat' dir='ltr'>¹llum»,</span> 
     </span>
     <span class='ocr_line' id='line_1_14' title="bbox 159 1122 1019 1192; baseline -0.001 -25"><span class='ocrx_word' id='word_1_115' title='bbox 159 1125 237 1167; x_wconf 86' lang='lat' dir='ltr'>lleterc</span> <span class='ocrx_word' id='word_1_116' title='bbox 259 1122 358 1168; x_wconf 84' lang='lat' dir='ltr'>sabbato</span> <span class='ocrx_word' id='word_1_117' title='bbox 380 1126 428 1192; x_wconf 63' lang='lat' dir='ltr'>crat</span> <span class='ocrx_word' id='word_1_118' title='bbox 447 1122 603 1184; x_wconf 86' lang='lat' dir='ltr'>prohibitum;</span> <span class='ocrx_word' id='word_1_119' title='bbox 625 1123 719 1182; x_wconf 80' lang='lat' dir='ltr'>rabbini</span> <span class='ocrx_word' id='word_1_120' title='bbox 739 1127 815 1168; x_wconf 89' lang='lat' dir='ltr'>autem</span> <span class='ocrx_word' id='word_1_121' title='bbox 833 1123 914 1168; x_wconf 82' lang='lat' dir='ltr'>vellere</span> <span class='ocrx_word' id='word_1_122' title='bbox 934 1123 1019 1181; x_wconf 89' lang='lat' dir='ltr'>spicas-</span> 
     </span>
    </p>

    <p class='ocr_par' dir='ltr' id='par_1_6' title="bbox 129 1186 1036 1257">
     <span class='ocr_line' id='line_1_15' title="bbox 129 1186 1036 1257; baseline 0 -19"><span class='ocrx_word' id='word_1_123' title='bbox 129 1195 229 1257; x_wconf 88' lang='lat' dir='ltr'>specicm</span> <span class='ocrx_word' id='word_1_124' title='bbox 240 1209 286 1239; x_wconf 88' lang='lat' dir='ltr'>esse</span> <span class='ocrx_word' id='word_1_125' title='bbox 300 1186 419 1240; x_wconf 85' lang='lat' dir='ltr'>messionis</span> <span class='ocrx_word' id='word_1_126' title='bbox 429 1196 597 1249; x_wconf 84' lang='lat' dir='ltr'>existimabant,</span> <span class='ocrx_word' id='word_1_127' title='bbox 610 1196 642 1241; x_wconf 90' lang='lat' dir='ltr'>uti</span> <span class='ocrx_word' id='word_1_128' title='bbox 655 1198 681 1240; x_wconf 81' lang='lat' dir='ltr'>ex</span> <span class='ocrx_word' id='word_1_129' title='bbox 693 1196 793 1241; x_wconf 81' lang='lat' dir='ltr'>tlischna</span> <span class='ocrx_word' id='word_1_130' title='bbox 802 1197 865 1255; x_wconf 88' lang='lat' dir='ltr'>patet</span> <span class='ocrx_word' id='word_1_131' title='bbox 876 1194 911 1254; x_wconf 75' lang='lat' dir='ltr'>(cl.</span> <span class='ocrx_word' id='word_1_132' title='bbox 927 1194 1008 1253; x_wconf 72' lang='lat' dir='ltr'>Liqlii-</span> <span class='ocrx_word' id='word_1_133' title='bbox 1035 1235 1036 1244; x_wconf 69' lang='grc'>,</span> 
     </span>
    </p>

    <p class='ocr_par' dir='ltr' id='par_1_7' title="bbox 124 1265 1022 1539">
     <span class='ocr_line' id='line_1_16' title="bbox 124 1265 1017 1328; baseline 0 -19"><span class='ocrx_word' id='word_1_134' title='bbox 124 1265 200 1324; x_wconf 81' lang='lat' dir='ltr'>fcctl.</span> <span class='ocrx_word' id='word_1_135' title='bbox 209 1279 228 1310; x_wconf 89' lang='lat' dir='ltr'>c.</span> <span class='ocrx_word' id='word_1_136' title='bbox 237 1266 319 1326; x_wconf 72' lang='lat' dir='ltr'>Lcrrcy)</span> <span class='ocrx_word' id='word_1_137' title='bbox 328 1281 332 1321; x_wconf 78' lang='lat'><em>3</em></span> <span class='ocrx_word' id='word_1_138' title='bbox 343 1269 461 1326; x_wconf 88' lang='lat' dir='ltr'>praeterea</span> <span class='ocrx_word' id='word_1_139' title='bbox 468 1267 533 1312; x_wconf 87' lang='lat' dir='ltr'>cibos</span> <span class='ocrx_word' id='word_1_140' title='bbox 542 1267 619 1327; x_wconf 87' lang='lat' dir='ltr'>parari</span> <span class='ocrx_word' id='word_1_141' title='bbox 627 1265 858 1319; x_wconf 54' lang='lat' dir='ltr'>sabbatononlicuim</span> <span class='ocrx_word' id='word_1_142' title='bbox 868 1265 913 1311; x_wconf 91' lang='lat' dir='ltr'>iam</span> <span class='ocrx_word' id='word_1_143' title='bbox 922 1265 1007 1311; x_wconf 85' lang='lat' dir='ltr'>vellere</span> <span class='ocrx_word' id='word_1_144' title='bbox 1016 1325 1017 1328; x_wconf 7' lang='grc' dir='ltr'><strong>Ἰ</strong></span> 
     </span>
     <span class='ocr_line' id='line_1_17' title="bbox 129 1335 1022 1401; baseline 0.001 -21"><span class='ocrx_word' id='word_1_145' title='bbox 129 1337 207 1401; x_wconf 29' lang='lat' dir='ltr'>spicas,</span> <span class='ocrx_word' id='word_1_146' title='bbox 213 1336 259 1381; x_wconf 88' lang='lat' dir='ltr'>illis</span> <span class='ocrx_word' id='word_1_147' title='bbox 273 1337 339 1394; x_wconf 78' lang='lat' dir='ltr'>legis.</span> <span class='ocrx_word' id='word_1_148' title='bbox 347 1337 477 1383; x_wconf 85' lang='lat' dir='ltr'>doctoribus</span> <span class='ocrx_word' id='word_1_149' title='bbox 489 1339 635 1382; x_wconf 88' lang='lat' dir='ltr'>subtilissime</span> <span class='ocrx_word' id='word_1_150' title='bbox 649 1342 730 1383; x_wconf 88' lang='lat' dir='ltr'>cuncta</span> <span class='ocrx_word' id='word_1_151' title='bbox 743 1337 876 1381; x_wconf 80' lang='lat' dir='ltr'>rimantibus</span> <span class='ocrx_word' id='word_1_152' title='bbox 885 1335 1022 1396; x_wconf 47' lang='lat' dir='ltr'>videbatur„</span> 
     </span>
     <span class='ocr_line' id='line_1_18' title="bbox 129 1400 1008 1469; baseline 0 -18"><span class='ocrx_word' id='word_1_153' title='bbox 129 1421 179 1452; x_wconf 88' lang='lat' dir='ltr'>esse</span> <span class='ocrx_word' id='word_1_154' title='bbox 191 1407 266 1452; x_wconf 89' lang='lat' dir='ltr'>cibum</span> <span class='ocrx_word' id='word_1_155' title='bbox 276 1400 361 1466; x_wconf 86' lang='lat' dir='ltr'>parare</span> <span class='ocrx_word' id='word_1_156' title='bbox 375 1407 456 1469; x_wconf 72' lang='lat' dir='ltr'>(Ceri.);</span> <span class='ocrx_word' id='word_1_157' title='bbox 471 1409 534 1453; x_wconf 88' lang='lat' dir='ltr'>unde</span> <span class='ocrx_word' id='word_1_158' title='bbox 544 1409 572 1453; x_wconf 86' lang='lat' dir='ltr'>iis</span> <span class='ocrx_word' id='word_1_159' title='bbox 586 1409 625 1468; x_wconf 88' lang='lat' dir='ltr'>qui</span> <span class='ocrx_word' id='word_1_160' title='bbox 638 1423 730 1453; x_wconf 90' lang='lat' dir='ltr'>omnem</span> <span class='ocrx_word' id='word_1_161' title='bbox 741 1408 895 1452; x_wconf 89' lang='lat' dir='ltr'>calumniandi</span> <span class='ocrx_word' id='word_1_162' title='bbox 907 1408 1008 1452; x_wconf 87' lang='lat' dir='ltr'>occasio-</span> 
     </span>
     <span class='ocr_line' id='line_1_19' title="bbox 128 1477 1009 1539; baseline -0.002 -16"><span class='ocrx_word' id='word_1_163' title='bbox 128 1493 181 1523; x_wconf 91' lang='lat' dir='ltr'>nem</span> <span class='ocrx_word' id='word_1_164' title='bbox 190 1478 270 1537; x_wconf 90' lang='lat' dir='ltr'>cupide</span> <span class='ocrx_word' id='word_1_165' title='bbox 278 1479 381 1537; x_wconf 90' lang='lat' dir='ltr'>arripere</span> <span class='ocrx_word' id='word_1_166' title='bbox 389 1483 409 1523; x_wconf 91' lang='lat' dir='ltr'>et</span> <span class='ocrx_word' id='word_1_167' title='bbox 418 1482 510 1539; x_wconf 88' lang='lat' dir='ltr'>captare</span> <span class='ocrx_word' id='word_1_168' title='bbox 519 1479 624 1524; x_wconf 88' lang='lat' dir='ltr'>solebant</span> <span class='ocrx_word' id='word_1_169' title='bbox 632 1480 684 1524; x_wconf 89' lang='lat' dir='ltr'>satis</span> <span class='ocrx_word' id='word_1_170' title='bbox 692 1481 743 1523; x_wconf 89' lang='lat' dir='ltr'>erat</span> <span class='ocrx_word' id='word_1_171' title='bbox 752 1493 832 1534; x_wconf 85' lang='lat' dir='ltr'>causae</span> <span class='ocrx_word' id='word_1_172' title='bbox 841 1493 862 1522; x_wconf 85' lang='lat' dir='ltr'>v.</span> <span class='ocrx_word' id='word_1_173' title='bbox 872 1477 1009 1538; x_wconf 67' lang='lat' dir='ltr'>tpdcriscei</span> 
     </span>
    </p>

    <p class='ocr_par' dir='ltr' id='par_1_8' title="bbox 72 1542 1008 1611">
     <span class='ocr_line' id='line_1_20' title="bbox 72 1542 1008 1611; baseline 0 -18"><span class='ocrx_word' id='word_1_174' title='bbox 72 1542 73 1545; x_wconf 26' lang='lat'>¹</span> <span class='ocrx_word' id='word_1_175' title='bbox 128 1557 208 1594; x_wconf 77' lang='lat' dir='ltr'>cirtem</span> <span class='ocrx_word' id='word_1_176' title='bbox 218 1548 320 1594; x_wconf 79' lang='lat' dir='ltr'>videntes</span> <span class='ocrx_word' id='word_1_177' title='bbox 331 1549 439 1594; x_wconf 69' lang='lat' dir='ltr'>dixerunt</span> <span class='ocrx_word' id='word_1_178' title='bbox 450 1550 471 1595; x_wconf 87' lang='lat' dir='ltr'>ei</span> <span class='ocrx_word' id='word_1_179' title='bbox 482 1565 491 1594; x_wconf 89' lang='grc'>.·</span> <span class='ocrx_word' id='word_1_180' title='bbox 504 1565 554 1595; x_wconf 87' lang='lat' dir='ltr'>ecce</span> <span class='ocrx_word' id='word_1_181' title='bbox 567 1549 674 1611; x_wconf 67' lang='lat' dir='ltr'>discipuli</span> <span class='ocrx_word' id='word_1_182' title='bbox 683 1550 719 1595; x_wconf 79' lang='lat' dir='ltr'>ieci</span> <span class='ocrx_word' id='word_1_183' title='bbox 728 1549 821 1609; x_wconf 72' lang='lat' dir='ltr'>facietne</span> <span class='ocrx_word' id='word_1_184' title='bbox 830 1549 891 1610; x_wconf 81' lang='lat' dir='ltr'>quod</span> <span class='ocrx_word' id='word_1_185' title='bbox 900 1549 1008 1594; x_wconf 75' lang='lat' dir='ltr'>nonlicet</span> 
     </span>
    </p>

    <p class='ocr_par' dir='ltr' id='par_1_9' title="bbox 126 1620 1007 1681">
     <span class='ocr_line' id='line_1_21' title="bbox 126 1620 1007 1681; baseline 0 -16"><span class='ocrx_word' id='word_1_186' title='bbox 126 1622 205 1678; x_wconf 80' lang='lat' dir='ltr'>fecere</span> <span class='ocrx_word' id='word_1_187' title='bbox 221 1620 333 1676; x_wconf 82' lang='lat' dir='ltr'>sabbotis;</span> <span class='ocrx_word' id='word_1_188' title='bbox 347 1620 415 1666; x_wconf 87' lang='lat' dir='ltr'>etiam</span> <span class='ocrx_word' id='word_1_189' title='bbox 429 1625 495 1667; x_wconf 87' lang='lat' dir='ltr'>llarc.</span> <span class='ocrx_word' id='word_1_190' title='bbox 514 1626 568 1677; x_wconf 59' lang='lat' dir='ltr'>ml</span> <span class='ocrx_word' id='word_1_191' title='bbox 584 1621 705 1666; x_wconf 87' lang='lat' dir='ltr'>Dominum</span> <span class='ocrx_word' id='word_1_192' title='bbox 722 1621 879 1681; x_wconf 87' lang='lat' dir='ltr'>alloquuntur;</span> <span class='ocrx_word' id='word_1_193' title='bbox 896 1625 950 1666; x_wconf 89' lang='lat' dir='ltr'>Luc.</span> <span class='ocrx_word' id='word_1_194' title='bbox 969 1623 1007 1676; x_wconf 60' lang='lat' dir='ltr'>6AE</span> 
     </span>
    </p>

    <p class='ocr_par' dir='ltr' id='par_1_10' title="bbox 127 1688 1007 1893">
     <span class='ocr_line' id='line_1_22' title="bbox 129 1688 1007 1753; baseline 0 -18"><span class='ocrx_word' id='word_1_195' title='bbox 129 1691 209 1737; x_wconf 90' lang='lat' dir='ltr'>dicunt</span> <span class='ocrx_word' id='word_1_196' title='bbox 223 1688 341 1751; x_wconf 81' lang='lat' dir='ltr'>discipulis</span> <span class='ocrx_word' id='word_1_197' title='bbox 355 1707 359 1738; x_wconf 95' lang='lat'>:</span> <span class='ocrx_word' id='word_1_198' title='bbox 375 1693 431 1752; x_wconf 85' lang='lat' dir='ltr'>quid</span> <span class='ocrx_word' id='word_1_199' title='bbox 445 1694 518 1738; x_wconf 85' lang='lat' dir='ltr'>facitis</span> <span class='ocrx_word' id='word_1_200' title='bbox 533 1693 595 1753; x_wconf 90' lang='lat' dir='ltr'>quod</span> <span class='ocrx_word' id='word_1_201' title='bbox 608 1708 655 1737; x_wconf 91' lang='lat' dir='ltr'>non</span> <span class='ocrx_word' id='word_1_202' title='bbox 668 1693 724 1737; x_wconf 90' lang='lat' dir='ltr'>licet</span> <span class='ocrx_word' id='word_1_203' title='bbox 737 1692 763 1736; x_wconf 88' lang='lat' dir='ltr'>in</span> <span class='ocrx_word' id='word_1_204' title='bbox 771 1691 885 1740; x_wconf 83' lang='lat' dir='ltr'>sabbatis?</span> <span class='ocrx_word' id='word_1_205' title='bbox 895 1692 941 1737; x_wconf 86' lang='lat' dir='ltr'>Sed</span> <span class='ocrx_word' id='word_1_206' title='bbox 951 1692 1007 1736; x_wconf 89' lang='lat' dir='ltr'>dum</span> 
     </span>
     <span class='ocr_line' id='line_1_23' title="bbox 127 1755 1007 1824; baseline 0 -17"><span class='ocrx_word' id='word_1_207' title='bbox 127 1763 249 1823; x_wconf 84' lang='lat' dir='ltr'>discipulos</span> <span class='ocrx_word' id='word_1_208' title='bbox 254 1755 430 1821; x_wconf 76' lang='lat' dir='ltr'>aggrediuntur,</span> <span class='ocrx_word' id='word_1_209' title='bbox 437 1764 558 1809; x_wconf 86' lang='lat' dir='ltr'>Dominum</span> <span class='ocrx_word' id='word_1_210' title='bbox 564 1767 653 1824; x_wconf 87' lang='lat' dir='ltr'>petunt.</span> <span class='ocrx_word' id='word_1_211' title='bbox 662 1767 767 1809; x_wconf 86' lang='lat' dir='ltr'>Ceterum</span> <span class='ocrx_word' id='word_1_212' title='bbox 772 1763 817 1807; x_wconf 90' lang='lat' dir='ltr'>dici</span> <span class='ocrx_word' id='word_1_213' title='bbox 822 1767 893 1823; x_wconf 92' lang='lat' dir='ltr'>potest</span> <span class='ocrx_word' id='word_1_214' title='bbox 899 1778 952 1808; x_wconf 89' lang='lat' dir='ltr'>cum</span> <span class='ocrx_word' id='word_1_215' title='bbox 957 1764 1007 1807; x_wconf 85' lang='lat' dir='ltr'>aliis</span> 
     </span>
     <span class='ocr_line' id='line_1_24' title="bbox 128 1833 1004 1893; baseline 0.001 -16"><span class='ocrx_word' id='word_1_216' title='bbox 128 1833 241 1893; x_wconf 87' lang='lat' dir='ltr'>quosdam</span> <span class='ocrx_word' id='word_1_217' title='bbox 255 1835 385 1888; x_wconf 85' lang='lat' dir='ltr'>Dominum,</span> <span class='ocrx_word' id='word_1_218' title='bbox 400 1834 457 1879; x_wconf 90' lang='lat' dir='ltr'>alios</span> <span class='ocrx_word' id='word_1_219' title='bbox 471 1834 584 1887; x_wconf 83' lang='lat' dir='ltr'>allocutos</span> <span class='ocrx_word' id='word_1_220' title='bbox 596 1850 642 1879; x_wconf 89' lang='lat' dir='ltr'>esse</span> <span class='ocrx_word' id='word_1_221' title='bbox 653 1834 789 1893; x_wconf 85' lang='lat' dir='ltr'>discipulos;</span> <span class='ocrx_word' id='word_1_222' title='bbox 805 1835 861 1878; x_wconf 89' lang='lat' dir='ltr'>solet</span> <span class='ocrx_word' id='word_1_223' title='bbox 873 1834 934 1879; x_wconf 87' lang='lat' dir='ltr'>cuim</span> <span class='ocrx_word' id='word_1_224' title='bbox 948 1833 1004 1887; x_wconf 86' lang='lat' dir='ltr'>tieri,</span> 
     </span>
    </p>

    <p class='ocr_par' dir='ltr' id='par_1_11' title="bbox 84 1904 1048 2677">
     <span class='ocr_line' id='line_1_25' title="bbox 84 1904 1007 1965; baseline 0.001 -17"><span class='ocrx_word' id='word_1_225' title='bbox 84 1952 86 1956; x_wconf 50' lang='grc'>,</span> <span class='ocrx_word' id='word_1_226' title='bbox 127 1908 153 1948; x_wconf 87' lang='lat' dir='ltr'>ut</span> <span class='ocrx_word' id='word_1_227' title='bbox 162 1905 182 1949; x_wconf 89' lang='lat' dir='ltr'>si</span> <span class='ocrx_word' id='word_1_228' title='bbox 195 1904 325 1964; x_wconf 88' lang='lat' dir='ltr'>complures</span> <span class='ocrx_word' id='word_1_229' title='bbox 334 1905 391 1949; x_wconf 88' lang='lat' dir='ltr'>alios</span> <span class='ocrx_word' id='word_1_230' title='bbox 401 1905 469 1949; x_wconf 89' lang='lat' dir='ltr'>etiam</span> <span class='ocrx_word' id='word_1_231' title='bbox 476 1905 607 1965; x_wconf 89' lang='lat' dir='ltr'>complures</span> <span class='ocrx_word' id='word_1_232' title='bbox 619 1906 654 1949; x_wconf 89' lang='lat' dir='ltr'>ira</span> <span class='ocrx_word' id='word_1_233' title='bbox 666 1906 768 1965; x_wconf 88' lang='lat' dir='ltr'>quadam</span> <span class='ocrx_word' id='word_1_234' title='bbox 776 1905 954 1963; x_wconf 71' lang='lat' dir='ltr'>reprehendant,</span> <span class='ocrx_word' id='word_1_235' title='bbox 967 1905 1007 1949; x_wconf 90' lang='lat' dir='ltr'>alii</span> 
     </span>
     <span class='ocr_line' id='line_1_26' title="bbox 126 1975 1005 2035; baseline 0 -14"><span class='ocrx_word' id='word_1_236' title='bbox 126 1976 157 2021; x_wconf 86' lang='lat' dir='ltr'>ad</span> <span class='ocrx_word' id='word_1_237' title='bbox 162 1975 218 2020; x_wconf 91' lang='lat' dir='ltr'>alios</span> <span class='ocrx_word' id='word_1_238' title='bbox 224 1976 348 2020; x_wconf 87' lang='lat' dir='ltr'>verborum</span> <span class='ocrx_word' id='word_1_239' title='bbox 355 1976 430 2020; x_wconf 88' lang='lat' dir='ltr'>iacula</span> <span class='ocrx_word' id='word_1_240' title='bbox 435 1975 546 2033; x_wconf 78' lang='lat' dir='ltr'>dirigant.</span> <span class='ocrx_word' id='word_1_241' title='bbox 555 1977 581 2020; x_wconf 89' lang='lat' dir='ltr'>ld</span> <span class='ocrx_word' id='word_1_242' title='bbox 589 1990 659 2020; x_wconf 90' lang='lat' dir='ltr'>unum</span> <span class='ocrx_word' id='word_1_243' title='bbox 665 1975 840 2035; x_wconf 89' lang='lat' dir='ltr'>reprehendunt</span> <span class='ocrx_word' id='word_1_244' title='bbox 847 1976 1005 2035; x_wconf 78' lang='lat' dir='ltr'>quodscdbctc</span> 
     </span>
     <span class='ocr_line' id='line_1_27' title="bbox 126 2046 1006 2108; baseline 0 -17"><span class='ocrx_word' id='word_1_245' title='bbox 126 2047 199 2106; x_wconf 86' lang='lat' dir='ltr'>spicas</span> <span class='ocrx_word' id='word_1_246' title='bbox 213 2046 308 2091; x_wconf 87' lang='lat' dir='ltr'>vellunt.</span> <span class='ocrx_word' id='word_1_247' title='bbox 326 2046 427 2092; x_wconf 87' lang='lat' dir='ltr'>Christus</span> <span class='ocrx_word' id='word_1_248' title='bbox 440 2050 516 2092; x_wconf 86' lang='lat' dir='ltr'>autem</span> <span class='ocrx_word' id='word_1_249' title='bbox 532 2047 637 2108; x_wconf 81' lang='lat' dir='ltr'>superbis</span> <span class='ocrx_word' id='word_1_250' title='bbox 649 2047 695 2092; x_wconf 91' lang='lat' dir='ltr'>illis</span> <span class='ocrx_word' id='word_1_251' title='bbox 705 2046 766 2105; x_wconf 79' lang='lat' dir='ltr'>legis</span> <span class='ocrx_word' id='word_1_252' title='bbox 776 2046 1006 2107; x_wconf 81' lang='lat' dir='ltr'>aemulatoribusqui</span> 
     </span>
     <span class='ocr_line' id='line_1_28' title="bbox 126 2117 1005 2178; baseline 0.001 -16"><span class='ocrx_word' id='word_1_253' title='bbox 126 2132 192 2162; x_wconf 90' lang='lat' dir='ltr'>suam</span> <span class='ocrx_word' id='word_1_254' title='bbox 202 2117 320 2162; x_wconf 88' lang='lat' dir='ltr'>scientiam</span> <span class='ocrx_word' id='word_1_255' title='bbox 330 2117 389 2175; x_wconf 81' lang='lat' dir='ltr'>legis</span> <span class='ocrx_word' id='word_1_256' title='bbox 398 2117 483 2162; x_wconf 86' lang='lat' dir='ltr'>iactare</span> <span class='ocrx_word' id='word_1_257' title='bbox 496 2117 602 2172; x_wconf 84' lang='lat' dir='ltr'>solebant</span> <span class='ocrx_word' id='word_1_258' title='bbox 610 2118 767 2176; x_wconf 80' lang='lat' dir='ltr'>ignorantiam</span> <span class='ocrx_word' id='word_1_259' title='bbox 780 2118 837 2175; x_wconf 79' lang='lat' dir='ltr'>legis</span> <span class='ocrx_word' id='word_1_260' title='bbox 847 2118 925 2163; x_wconf 87' lang='lat' dir='ltr'>obiicit</span> <span class='ocrx_word' id='word_1_261' title='bbox 935 2117 1005 2178; x_wconf 82' lang='lat' dir='ltr'>(lans.</span> 
     </span>
     <span class='ocr_line' id='line_1_29' title="bbox 125 2187 1004 2250; baseline 0 -17"><span class='ocrx_word' id='word_1_262' title='bbox 125 2188 222 2247; x_wconf 83' lang='lat' dir='ltr'>Mcld.);</span> <span class='ocrx_word' id='word_1_263' title='bbox 234 2203 305 2248; x_wconf 89' lang='lat' dir='ltr'>quare</span> <span class='ocrx_word' id='word_1_264' title='bbox 319 2187 455 2233; x_wconf 87' lang='lat' dir='ltr'>admirantis</span> <span class='ocrx_word' id='word_1_265' title='bbox 465 2188 570 2248; x_wconf 84' lang='lat' dir='ltr'>aliosque</span> <span class='ocrx_word' id='word_1_266' title='bbox 585 2189 745 2238; x_wconf 79' lang='lat' dir='ltr'>confundentis</span> <span class='ocrx_word' id='word_1_267' title='bbox 755 2189 781 2233; x_wconf 92' lang='lat' dir='ltr'>in</span> <span class='ocrx_word' id='word_1_268' title='bbox 791 2188 883 2250; x_wconf 80' lang='lat' dir='ltr'>modum</span> <span class='ocrx_word' id='word_1_269' title='bbox 897 2189 988 2248; x_wconf 89' lang='lat' dir='ltr'>quaerit</span> <span class='ocrx_word' id='word_1_270' title='bbox 1000 2203 1004 2234; x_wconf 94' lang='lat'><strong>:</strong></span> 
     </span>
     <span class='ocr_line' id='line_1_30' title="bbox 125 2258 1006 2321; baseline 0.001 -17"><span class='ocrx_word' id='word_1_271' title='bbox 125 2275 173 2305; x_wconf 80' lang='lat' dir='ltr'>nori</span> <span class='ocrx_word' id='word_1_272' title='bbox 185 2259 270 2320; x_wconf 69' lang='lat' dir='ltr'>lepisiis</span> <span class='ocrx_word' id='word_1_273' title='bbox 280 2258 341 2319; x_wconf 78' lang='lat' dir='ltr'>quid</span> <span class='ocrx_word' id='word_1_274' title='bbox 349 2260 431 2317; x_wconf 85' lang='lat' dir='ltr'>fecerit</span> <span class='ocrx_word' id='word_1_275' title='bbox 439 2259 516 2305; x_wconf 81' lang='lat' dir='ltr'>David</span> <span class='ocrx_word' id='word_1_276' title='bbox 525 2259 617 2320; x_wconf 66' lang='lat' dir='ltr'>quando</span> <span class='ocrx_word' id='word_1_277' title='bbox 626 2259 706 2305; x_wconf 80' lang='lat' dir='ltr'>esuriit</span> <span class='ocrx_word' id='word_1_278' title='bbox 717 2264 739 2303; x_wconf 82' lang='lat' dir='ltr'>ei</span> <span class='ocrx_word' id='word_1_279' title='bbox 753 2258 794 2319; x_wconf 78' lang='lat' dir='ltr'>qai</span> <span class='ocrx_word' id='word_1_280' title='bbox 805 2274 855 2304; x_wconf 82' lang='lat' dir='ltr'>cum</span> <span class='ocrx_word' id='word_1_281' title='bbox 866 2260 913 2321; x_wconf 73' lang='lat' dir='ltr'>ipso</span> <span class='ocrx_word' id='word_1_282' title='bbox 925 2261 1006 2305; x_wconf 77' lang='lat' dir='ltr'>erant?</span> 
     </span>
     <span class='ocr_line' id='line_1_31' title="bbox 124 2321 1018 2390; baseline 0.001 -14"><span class='ocrx_word' id='word_1_283' title='bbox 124 2331 185 2376; x_wconf 86' lang='lat' dir='ltr'>bene</span> <span class='ocrx_word' id='word_1_284' title='bbox 196 2334 271 2376; x_wconf 87' lang='lat' dir='ltr'>monet</span> <span class='ocrx_word' id='word_1_285' title='bbox 282 2331 308 2376; x_wconf 88' lang='lat' dir='ltr'>S.</span> <span class='ocrx_word' id='word_1_286' title='bbox 325 2330 404 2390; x_wconf 58' lang='lat' dir='ltr'>Glires.</span> <span class='ocrx_word' id='word_1_287' title='bbox 420 2330 535 2377; x_wconf 85' lang='lat' dir='ltr'>deforma</span> <span class='ocrx_word' id='word_1_288' title='bbox 550 2321 686 2376; x_wconf 87' lang='lat' dir='ltr'>locutionis:</span> <span class='ocrx_word' id='word_1_289' title='bbox 701 2329 757 2375; x_wconf 90' lang='lat' dir='ltr'>vide</span> <span class='ocrx_word' id='word_1_290' title='bbox 772 2345 841 2390; x_wconf 90' lang='lat' dir='ltr'>quam</span> <span class='ocrx_word' id='word_1_291' title='bbox 854 2331 943 2387; x_wconf 85' lang='lat' dir='ltr'>acriter,</span> <span class='ocrx_word' id='word_1_292' title='bbox 959 2346 1018 2378; x_wconf 66' lang='lat' dir='ltr'>non,</span> 
     </span>
     <span class='ocr_line' id='line_1_32' title="bbox 124 2401 1048 2464; baseline 0 -16"><span class='ocrx_word' id='word_1_293' title='bbox 124 2402 220 2461; x_wconf 77' lang='lat' dir='ltr'>legistis,</span> <span class='ocrx_word' id='word_1_294' title='bbox 236 2402 314 2462; x_wconf 88' lang='lat' dir='ltr'>iuquit</span> <span class='ocrx_word' id='word_1_295' title='bbox 327 2405 383 2456; x_wconf 62' lang='lat' dir='ltr'>etct3</span> <span class='ocrx_word' id='word_1_296' title='bbox 401 2416 422 2448; x_wconf 87' lang='lat' dir='ltr'>v.</span> <span class='ocrx_word' id='word_1_297' title='bbox 435 2407 453 2449; x_wconf 80' lang='lat' dir='ltr'>-t</span> <span class='ocrx_word' id='word_1_298' title='bbox 468 2402 583 2463; x_wconf 81' lang='lat' dir='ltr'>quemodo</span> <span class='ocrx_word' id='word_1_299' title='bbox 597 2402 691 2447; x_wconf 78' lang='lat' dir='ltr'>intravit</span> <span class='ocrx_word' id='word_1_300' title='bbox 707 2402 734 2445; x_wconf 80' lang='lat' dir='ltr'>in</span> <span class='ocrx_word' id='word_1_301' title='bbox 751 2401 843 2446; x_wconf 79' lang='lat' dir='ltr'>domum</span> <span class='ocrx_word' id='word_1_302' title='bbox 854 2402 896 2446; x_wconf 87' lang='lat' dir='ltr'>Dei</span> <span class='ocrx_word' id='word_1_303' title='bbox 910 2402 926 2446; x_wconf 91' lang='lat' dir='ltr'>i.</span> <span class='ocrx_word' id='word_1_304' title='bbox 946 2417 966 2448; x_wconf 86' lang='lat' dir='ltr'>e.</span> <span class='ocrx_word' id='word_1_305' title='bbox 982 2403 1016 2448; x_wconf 87' lang='lat' dir='ltr'>in·</span> <span class='ocrx_word' id='word_1_306' title='bbox 1045 2457 1048 2464; x_wconf 60' lang='lat'><strong><em>.</em></strong></span> 
     </span>
     <span class='ocr_line' id='line_1_33' title="bbox 124 2471 1004 2532; baseline 0 -14"><span class='ocrx_word' id='word_1_307' title='bbox 124 2473 300 2519; x_wconf 85' lang='lat' dir='ltr'>tabernaculum</span> <span class='ocrx_word' id='word_1_308' title='bbox 310 2473 410 2518; x_wconf 89' lang='lat' dir='ltr'>foederis</span> <span class='ocrx_word' id='word_1_309' title='bbox 421 2474 482 2532; x_wconf 88' lang='lat' dir='ltr'>quod</span> <span class='ocrx_word' id='word_1_310' title='bbox 492 2474 564 2517; x_wconf 87' lang='lat' dir='ltr'>etiam</span> <span class='ocrx_word' id='word_1_311' title='bbox 574 2476 610 2517; x_wconf 84' lang='lat' dir='ltr'>le.</span> <span class='ocrx_word' id='word_1_312' title='bbox 624 2476 691 2528; x_wconf 69' lang='lat' dir='ltr'>calc</span> <span class='ocrx_word' id='word_1_313' title='bbox 702 2471 786 2517; x_wconf 89' lang='lat' dir='ltr'>domus</span> <span class='ocrx_word' id='word_1_314' title='bbox 795 2472 834 2516; x_wconf 85' lang='lat' dir='ltr'>Dei</span> <span class='ocrx_word' id='word_1_315' title='bbox 843 2475 937 2518; x_wconf 85' lang='lat' dir='ltr'>vocatur</span> <span class='ocrx_word' id='word_1_316' title='bbox 947 2476 1004 2528; x_wconf 89' lang='lat' dir='ltr'>ctc.;</span> 
     </span>
     <span class='ocr_line' id='line_1_34' title="bbox 125 2542 1006 2605; baseline -0.001 -15"><span class='ocrx_word' id='word_1_317' title='bbox 125 2546 232 2590; x_wconf 81' lang='lat' dir='ltr'>erattum</span> <span class='ocrx_word' id='word_1_318' title='bbox 241 2544 354 2603; x_wconf 88' lang='lat' dir='ltr'>temporis</span> <span class='ocrx_word' id='word_1_319' title='bbox 367 2543 393 2587; x_wconf 89' lang='lat' dir='ltr'>in</span> <span class='ocrx_word' id='word_1_320' title='bbox 402 2543 464 2589; x_wconf 87' lang='lat' dir='ltr'>Nohe</span> <span class='ocrx_word' id='word_1_321' title='bbox 477 2544 515 2603; x_wconf 83' lang='lat' dir='ltr'>(cf.</span> <span class='ocrx_word' id='word_1_322' title='bbox 529 2548 541 2588; x_wconf 92' lang='lat'>1</span> <span class='ocrx_word' id='word_1_323' title='bbox 553 2547 607 2601; x_wconf 80' lang='lat' dir='ltr'>Reg.</span> <span class='ocrx_word' id='word_1_324' title='bbox 622 2548 673 2597; x_wconf 64' lang='lat' dir='ltr'>tm</span> <span class='ocrx_word' id='word_1_325' title='bbox 685 2542 745 2604; x_wconf 80' lang='lat' dir='ltr'>seq.)</span> <span class='ocrx_word' id='word_1_326' title='bbox 757 2550 779 2586; x_wconf 86' lang='lat' dir='ltr'>et</span> <span class='ocrx_word' id='word_1_327' title='bbox 788 2544 1006 2605; x_wconf 78' lang='lat' dir='ltr'>pcnespropositic-</span> 
     </span>
     <span class='ocr_line' id='line_1_35' title="bbox 124 2613 1006 2677; baseline 0 -16"><span class='ocrx_word' id='word_1_328' title='bbox 124 2616 161 2661; x_wconf 80' lang='lat' dir='ltr'>reis</span> <span class='ocrx_word' id='word_1_329' title='bbox 168 2614 278 2670; x_wconf 79' lang='lat' dir='ltr'>corredit;</span> <span class='ocrx_word' id='word_1_330' title='bbox 287 2613 357 2659; x_wconf 89' lang='lat' dir='ltr'>lectio</span> <span class='ocrx_word' id='word_1_331' title='bbox 365 2614 462 2660; x_wconf 79' lang='lat' dir='ltr'>comedit</span> <span class='ocrx_word' id='word_1_332' title='bbox 473 2614 611 2675; x_wconf 86' lang='lat' dir='ltr'>aplerisque</span> <span class='ocrx_word' id='word_1_333' title='bbox 618 2614 712 2677; x_wconf 78' lang='lat' dir='ltr'>testibus</span> <span class='ocrx_word' id='word_1_334' title='bbox 720 2615 893 2674; x_wconf 63' lang='lat' dir='ltr'>comprohatum</span> <span class='ocrx_word' id='word_1_335' title='bbox 905 2616 946 2661; x_wconf 89' lang='lat' dir='ltr'>sed</span> <span class='ocrx_word' id='word_1_336' title='bbox 954 2631 1006 2661; x_wconf 91' lang='lat' dir='ltr'>cum</span> 
     </span>
    </p>

    <p class='ocr_par' dir='ltr' id='par_1_12' title="bbox 106 2685 1007 2748">
     <span class='ocr_line' id='line_1_36' title="bbox 106 2685 1007 2748; baseline -0.002 -16"><span class='ocrx_word' id='word_1_337' title='bbox 106 2691 111 2722; x_wconf 64' lang='lat'>&#39;2</span> <span class='ocrx_word' id='word_1_338' title='bbox 123 2686 247 2748; x_wconf 87' lang='lat' dir='ltr'>praecedat</span> <span class='ocrx_word' id='word_1_339' title='bbox 257 2685 406 2747; x_wconf 76' lang='lat' dir='ltr'>quidfeceeit</span> <span class='ocrx_word' id='word_1_340' title='bbox 414 2685 488 2733; x_wconf 80' lang='lat' dir='ltr'>David</span> <span class='ocrx_word' id='word_1_341' title='bbox 499 2695 522 2732; x_wconf 85' lang='lat' dir='ltr'>et</span> <span class='ocrx_word' id='word_1_342' title='bbox 530 2686 572 2746; x_wconf 79' lang='lat' dir='ltr'>qui</span> <span class='ocrx_word' id='word_1_343' title='bbox 579 2688 766 2733; x_wconf 64' lang='lat' dir='ltr'>inimicante</span> <span class='ocrx_word' id='word_1_344' title='bbox 777 2700 829 2732; x_wconf 89' lang='lat' dir='ltr'>cum</span> <span class='ocrx_word' id='word_1_345' title='bbox 840 2689 905 2731; x_wconf 87' lang='lat' dir='ltr'>Marc.</span> <span class='ocrx_word' id='word_1_346' title='bbox 917 2691 972 2742; x_wconf 56' lang='grc'>236</span> <span class='ocrx_word' id='word_1_347' title='bbox 985 2690 1007 2731; x_wconf 89' lang='lat' dir='ltr'>et</span> 
     </span>
    </p>

    <p class='ocr_par' dir='ltr' id='par_1_13' title="bbox 111 2748 1007 3034">
     <span class='ocr_line' id='line_1_37' title="bbox 111 2748 1007 2819; baseline -0.003 -14"><span class='ocrx_word' id='word_1_348' title='bbox 111 2748 112 2752; x_wconf 10' lang='grc' dir='ltr'><strong>Ἰ</strong></span> <span class='ocrx_word' id='word_1_349' title='bbox 124 2763 177 2805; x_wconf 84' lang='lat' dir='ltr'>Luc.</span> <span class='ocrx_word' id='word_1_350' title='bbox 190 2760 226 2813; x_wconf 64' lang='lat' dir='ltr'>td</span> <span class='ocrx_word' id='word_1_351' title='bbox 241 2757 333 2803; x_wconf 88' lang='lat' dir='ltr'>dicatur</span> <span class='ocrx_word' id='word_1_352' title='bbox 341 2758 449 2803; x_wconf 83' lang='lat' dir='ltr'>Davidem</span> <span class='ocrx_word' id='word_1_353' title='bbox 459 2758 549 2804; x_wconf 88' lang='lat' dir='ltr'>dedisse</span> <span class='ocrx_word' id='word_1_354' title='bbox 558 2758 590 2803; x_wconf 88' lang='lat' dir='ltr'>eis</span> <span class='ocrx_word' id='word_1_355' title='bbox 599 2773 689 2819; x_wconf 86' lang='lat' dir='ltr'>quoque</span> <span class='ocrx_word' id='word_1_356' title='bbox 699 2758 729 2803; x_wconf 93' lang='lat' dir='ltr'>de</span> <span class='ocrx_word' id='word_1_357' title='bbox 738 2757 843 2817; x_wconf 81' lang='lat' dir='ltr'>panibus,</span> <span class='ocrx_word' id='word_1_358' title='bbox 851 2757 922 2802; x_wconf 90' lang='lat' dir='ltr'>lectio</span> <span class='ocrx_word' id='word_1_359' title='bbox 933 2756 1007 2802; x_wconf 88' lang='lat' dir='ltr'>altera</span> 
     </span>
     <span class='ocr_line' id='line_1_38' title="bbox 125 2822 1007 2890; baseline -0.003 -14"><span class='ocrx_word' id='word_1_360' title='bbox 125 2836 196 2887; x_wconf 64' lang='grc' dir='ltr'>ἔφαγον</span> <span class='ocrx_word' id='word_1_361' title='bbox 210 2829 299 2874; x_wconf 90' lang='lat' dir='ltr'>videtur</span> <span class='ocrx_word' id='word_1_362' title='bbox 318 2844 366 2875; x_wconf 89' lang='lat' dir='ltr'>esse</span> <span class='ocrx_word' id='word_1_363' title='bbox 380 2830 539 2890; x_wconf 77' lang='lat' dir='ltr'>praeferenda.</span> <span class='ocrx_word' id='word_1_364' title='bbox 557 2830 593 2875; x_wconf 89' lang='lat' dir='ltr'>Vis</span> <span class='ocrx_word' id='word_1_365' title='bbox 610 2843 700 2890; x_wconf 88' lang='lat' dir='ltr'>quoquc</span> <span class='ocrx_word' id='word_1_366' title='bbox 720 2822 854 2886; x_wconf 74' lang='lat' dir='ltr'>argumenti</span> <span class='ocrx_word' id='word_1_367' title='bbox 871 2832 970 2886; x_wconf 78' lang='lat' dir='ltr'>augetur</span> <span class='ocrx_word' id='word_1_368' title='bbox 988 2829 1007 2874; x_wconf 88' lang='lat' dir='ltr'>si</span> 
     </span>
     <span class='ocr_line' id='line_1_39' title="bbox 125 2897 1005 2962; baseline 0.001 -17"><span class='ocrx_word' id='word_1_369' title='bbox 125 2899 219 2945; x_wconf 89' lang='lat' dir='ltr'>comites</span> <span class='ocrx_word' id='word_1_370' title='bbox 239 2915 333 2960; x_wconf 86' lang='lat' dir='ltr'>quoque</span> <span class='ocrx_word' id='word_1_371' title='bbox 347 2902 419 2948; x_wconf 88' lang='lat' dir='ltr'>David</span> <span class='ocrx_word' id='word_1_372' title='bbox 437 2917 507 2962; x_wconf 89' lang='lat' dir='ltr'>panes</span> <span class='ocrx_word' id='word_1_373' title='bbox 528 2915 604 2947; x_wconf 89' lang='lat' dir='ltr'>sacros</span> <span class='ocrx_word' id='word_1_374' title='bbox 621 2901 745 2947; x_wconf 88' lang='lat' dir='ltr'>comedisse</span> <span class='ocrx_word' id='word_1_375' title='bbox 764 2897 869 2957; x_wconf 82' lang='lat' dir='ltr'>explicite</span> <span class='ocrx_word' id='word_1_376' title='bbox 888 2899 1005 2956; x_wconf 79' lang='lat' dir='ltr'>statuitur,</span> 
     </span>
     <span class='ocr_line' id='line_1_40' title="bbox 124 2970 1007 3034; baseline -0.001 -17"><span class='ocrx_word' id='word_1_377' title='bbox 124 2986 182 3033; x_wconf 80' lang='lat' dir='ltr'>quos</span> <span class='ocrx_word' id='word_1_378' title='bbox 193 2985 240 3016; x_wconf 77' lang='lat' dir='ltr'>eoa</span> <span class='ocrx_word' id='word_1_379' title='bbox 251 2971 334 3017; x_wconf 82' lang='lat' dir='ltr'>licebat</span> <span class='ocrx_word' id='word_1_380' title='bbox 343 2973 365 3017; x_wconf 88' lang='lat' dir='ltr'>ei</span> <span class='ocrx_word' id='word_1_381' title='bbox 377 2973 440 3018; x_wconf 83' lang='lat' dir='ltr'>edere</span> <span class='ocrx_word' id='word_1_382' title='bbox 448 2989 522 3034; x_wconf 76' lang='lat' dir='ltr'>neque</span> <span class='ocrx_word' id='word_1_383' title='bbox 537 2973 572 3018; x_wconf 80' lang='lat' dir='ltr'>liis</span> <span class='ocrx_word' id='word_1_384' title='bbox 585 2974 626 3032; x_wconf 78' lang='lat' dir='ltr'>qui</span> <span class='ocrx_word' id='word_1_385' title='bbox 636 2988 722 3018; x_wconf 76' lang='lat' dir='ltr'>creoceo</span> <span class='ocrx_word' id='word_1_386' title='bbox 735 2976 802 3014; x_wconf 82' lang='lat' dir='ltr'>erant</span> <span class='ocrx_word' id='word_1_387' title='bbox 813 2970 859 3016; x_wconf 79' lang='lat' dir='ltr'>nisi</span> <span class='ocrx_word' id='word_1_388' title='bbox 867 2970 919 3017; x_wconf 85' lang='lat' dir='ltr'>solis</span> <span class='ocrx_word' id='word_1_389' title='bbox 932 2986 1007 3017; x_wconf 84' lang='lat' dir='ltr'>sacer-</span> 
     </span>
    </p>

    <p class='ocr_par' dir='ltr' id='par_1_14' title="bbox 109 3039 1008 3174">
     <span class='ocr_line' id='line_1_41' title="bbox 109 3039 1008 3103; baseline 0 -15"><span class='ocrx_word' id='word_1_390' title='bbox 109 3039 225 3097; x_wconf 65' lang='lat' dir='ltr'>vdolitum</span> <span class='ocrx_word' id='word_1_391' title='bbox 240 3057 311 3103; x_wconf 85' lang='lat' dir='ltr'>panes</span> <span class='ocrx_word' id='word_1_392' title='bbox 326 3042 364 3088; x_wconf 87' lang='lat' dir='ltr'>isti</span> <span class='ocrx_word' id='word_1_393' title='bbox 380 3043 687 3090; x_wconf 87' lang='lat' dir='ltr'>duodecim&#39;collocabantur</span> <span class='ocrx_word' id='word_1_394' title='bbox 701 3042 729 3087; x_wconf 88' lang='lat' dir='ltr'>in</span> <span class='ocrx_word' id='word_1_395' title='bbox 743 3044 829 3099; x_wconf 84' lang='lat' dir='ltr'>sancto,</span> <span class='ocrx_word' id='word_1_396' title='bbox 844 3042 868 3088; x_wconf 89' lang='lat' dir='ltr'>in</span> <span class='ocrx_word' id='word_1_397' title='bbox 882 3046 1008 3102; x_wconf 88' lang='lat' dir='ltr'>conspectu</span> 
     </span>
     <span class='ocr_line' id='line_1_42' title="bbox 123 3112 1007 3174; baseline -0.003 -13"><span class='ocrx_word' id='word_1_398' title='bbox 123 3115 214 3161; x_wconf 87' lang='lat' dir='ltr'>Domini</span> <span class='ocrx_word' id='word_1_399' title='bbox 228 3112 271 3173; x_wconf 72' lang='lat' dir='ltr'>(lix.</span> <span class='ocrx_word' id='word_1_400' title='bbox 291 3113 380 3173; x_wconf 77' lang='lat'>25,30),</span> <span class='ocrx_word' id='word_1_401' title='bbox 396 3128 465 3174; x_wconf 89' lang='lat' dir='ltr'>super</span> <span class='ocrx_word' id='word_1_402' title='bbox 482 3130 520 3161; x_wconf 90' lang='lat' dir='ltr'>eos</span> <span class='ocrx_word' id='word_1_403' title='bbox 535 3115 663 3174; x_wconf 88' lang='lat' dir='ltr'>ponebatur</span> <span class='ocrx_word' id='word_1_404' title='bbox 677 3112 730 3158; x_wconf 86' lang='lat' dir='ltr'>thus</span> <span class='ocrx_word' id='word_1_405' title='bbox 745 3112 919 3170; x_wconf 82' lang='lat' dir='ltr'>lucidissimum,</span> <span class='ocrx_word' id='word_1_406' title='bbox 936 3116 963 3159; x_wconf 90' lang='lat' dir='ltr'>ut</span> <span class='ocrx_word' id='word_1_407' title='bbox 978 3114 1007 3159; x_wconf 86' lang='lat' dir='ltr'>sit</span> 
     </span>
    </p>
   </div>
   <div class='ocr_carea' id='block_1_3' title="bbox 0 0 1124 3511">
    <p class='ocr_par' dir='ltr' id='par_1_15' title="bbox 0 0 1124 3511">
     <span class='ocr_line' id='line_1_43' title="bbox 0 0 1124 3511; baseline 0 1"><span class='ocrx_word' id='word_1_408' title='bbox 0 0 1124 3511; x_wconf 95' lang='lat' dir='ltr'> </span> 
     </span>
    </p>
   </div>
  </div>
 </body>
</html>
