2239 3511
172 186 211 227 15⁶2
340 196 342 201 ’
534 198 609 227 narra.
625 188 644 233 2,
661 187 693 226 lb.

119 326 121 330 a
173 286 317 333 ordinatione
339 288 403 331 vetus
423 288 583 331 testamentum
604 285 686 329 umbra
705 287 738 329 est
758 285 859 344 corporis
883 286 973 336 venturi
992 283 1008 330 i.
1023 299 1049 328 e.

172 358 254 403 Christi
268 358 322 417 (Col.
343 359 404 415 217)
421 360 443 401 51
459 357 554 417 proinde
569 357 602 401 ita
617 358 772 412 constitutum,
793 360 818 400 ut
836 356 881 400 suis
898 355 963 415 quasi
978 357 1050 401 linea-

171 429 254 473 mentis
270 428 383 473 Ghristum
400 429 497 473 referret
515 432 536 472 et
549 427 572 473 in
591 428 666 486 figura
684 431 706 472 et
722 431 777 488 typo
798 442 849 472 eum
868 430 1051 487 repraesentaret

171 503 240 559 atque
257 501 394 560 exprimeret
414 500 454 560 qui
474 499 555 561 populi
573 515 627 560 pars
638 504 665 545 et
680 514 785 560 propago
802 500 892 544 tuturus
909 501 967 543 esset
982 497 1050 543 nobi-
1083 510 1085 512 ’

169 569 264 617 lissima.
290 563 362 624 Qriare
385 576 451 626 Deus,
473 572 668 631 quemadmodum
694 574 767 617 totum
795 573 861 616 vetus
889 573 1050 617 testamentare

170 647 289 702 tamquam
305 644 443 704 prophetam
464 648 485 688 51
504 644 703 704 praeparationem
721 643 775 687 novi
792 643 890 688 foederis
910 642 1050 687 sublimioris

169 714 276 772 inst'tuit,
288 716 321 760 ita
329 716 353 760 in
363 716 452 776 populo
462 731 554 776 quoque
561 717 586 760 in
594 718 723 776 Aegyptum
734 715 884 760 descendente
893 719 915 759 et
925 729 950 758 ex
958 718 1049 774 Aegyp-

169 789 192 830 to
203 787 288 832 educto·
296 788 442 847 prophetiam
456 788 519 832 dedit
532 788 581 847 ipso
595 802 673 832 rerum
687 796 754 832 cursu
767 801 894 847 expressam
903 786 932 830 de
942 779 998 830 Filio
1008 800 1048 829 suo

169 858 272 902 humana
283 862 365 903 natura
375 875 400 903 ex
411 851 479 903 lsrael
491 860 579 903 1551115.
593 862 649 915 Sunt
659 859 736 917 itaque
746 860 817 903 verba
827 859 868 903 illa
878 872 944 903 sensu
954 857 1049 902 litterali

137 951 141 960 a
169 928 229 972 dieta
243 930 271 972 de
281 930 369 988 populo
379 930 459 984 lsrael,
476 944 542 974 sensu
555 933 631 974 autem
645 929 721 988 typico
735 930 763 979 de
775 930 861 974 Christo
873 929 927 973 Filio
936 931 982 974 Dei.
995 929 1048 990 Vide

170 1000 273 1058 quae'ad
288 1002 341 1045 Osee
356 1006 406 1056 11,1
418 1001 525 1046 adnotavi
539 1001 563 1045 in
573 1001 734 1045 commentia
745 1001 828 1059 Proph.
844 1001 901 1054 min,
910 999 923 1044 1
936 1016 959 1060 p.
973 1003 1048 1045 11151

168 1072 195 1115 ct.
211 1072 411 1132 051’5511,11111551.
423 1076 432 1116 1
445 1073 504 1117 hed.
514 1088 538 1132 p.
551 1076 604 1126 5523
619 1072 706 1117 Grinrue
717 1088 740 1132 p.
755 1076 805 1117 390.

198 1143 221 1187 Si
231 1143 303 1201 igitur
313 1140 456 1202 evangelista
469 1144 525 1188 dicit
537 1152 562 1188 ut
578 1143 749 1204 adinpleretur,
767 1146 798 1190 tva
808 1151 905 1204 πληρωθῇ
915 1178 920 1199 ,
932 1158 1011 1190 veram
1020 1158 1046 1189 ee

167 1206 217 1259 loco
228 1215 340 1260 contineri
354 1215 418 1260 docet
432 1216 579 1276 prophetiam
595 1231 620 1260 re
635 1217 684 1276 ipsa
695 1219 718 1260 et
729 1218 810 1260 eventu
819 1211 859 1260 illo
874 1215 1017 1275 designatam
1025 1218 1047 1260 et

167 1301 247 1332 verum
263 1291 427 1345 argumentum
451 1289 554 1347 prolerre
574 1287 623 1332 vult
643 1288 673 1332 ad
697 1287 902 1332 demonstrandum
924 1288 1046 1346 puerulum

166 1356 234 1402 illum
251 1362 300 1403 Iesu
314 1361 407 1404 nomine
418 1372 465 1404 esse
478 1359 578 1404 llessiam
591 1362 613 1403 et
627 1374 653 1404 ea
666 1359 690 1403 in
708 1360 757 1419 ipso
771 1359 833 1404 cerni
846 1359 992 1413 documenta,
1009 1373 1047 1403 eas

168 1433 245 1486 sortes,
257 1445 294 1475 eas
308 1425 449 1475 conditiones
462 1446 521 1490 quae
532 1431 561 1475 ab
575 1432 624 1491 ipso
638 1435 682 1475 Deo
696 1434 735 1475 aut
748 1431 823 1475 verbis
837 1431 912 1490 planis
921 1431 964 1491 (uti
974 1431 1045 1474 habe-

167 1492 217 1546 mus
228 1501 288 1561 rea)
300 1504 339 1545 aut
348 1501 398 1561 ipso
409 1517 486 1546 rerum
496 1516 564 1547 cursu
574 1502 721 1547 declarantur
729 1502 818 1547 Messiae
827 1502 901 1547 inesse
912 1502 1003 1547 debere.
1016 1504 1045 1545 Ex

166 1588 211 1633 qua
228 1574 405 1630 argumentandi
419 1573 506 1618 ratione
526 1573 594 1618 simul
607 1574 666 1618 illud
681 1574 755 1618 elucet
771 1574 858 1618 Iudaeis
869 1575 969 1632 typicam
979 1573 1045 1618 illam

75 1663 96 1680 ·.
165 1644 247 1689 veteris
259 1642 363 1689 'foederis
379 1645 571 1702 significationem
589 1660 637 1690 non
656 1646 723 1690 tuisse
742 1645 892 1703 incognitam.
912 1646 964 1689 Vult
982 1645 1044 1689 enim

165 1717 289 1760 Matthaeus
299 1716 436 1776 persuadere
447 1720 469 1760 et
482 1718 582 1775 probare
597 1721 670 1761 lesuin
685 1732 731 1762 esse
741 1717 853 1772 llessiam;
865 1717 912 1761 iam
922 1717 952 1761 ad
962 1717 1007 1761 hoc
1017 1717 1045 1760 iis

165 1787 307 1842 argumentis
320 1790 398 1832 utatur
412 1791 502 1848 oportet
521 1803 580 1847 quae
597 1791 651 1847 apta
670 1788 715 1832 sint
734 1789 764 1832 acl
783 1788 966 1833 convincendum
979 1777 1001 1832 i.
1022 1803 1042 1832 5.

167 1872 263 1917 quorum
280 1858 396 1918 probandi
411 1858 444 1903 ris
458 1860 487 1904 ab
498 1859 548 1903 aliis
558 1858 699 1919 percipiatur
712 1862 735 1903 et
744 1860 889 1904 concedatur.
901 1862 956 1903 Cum
967 1861 1044 1919 itaque

164 1937 191 1972 ex
203 1930 359 1989 sensutypico
369 1930 432 1976 haud
444 1931 513 1975 semel
527 1934 615 1988 arguat,
631 1945 708 1976 sensus
718 1931 806 1991 typicus
819 1930 908 1975 ludaeis
917 1931 1043 1975 innotuerit

163 2015 254 2045 neeesse
275 2006 315 2045 est.
332 2002 394 2046 Idem
410 2017 501 2062 quoque
518 2002 622 2062 sequitur
639 2017 665 2046 ex
684 2003 824 2061 argumentis
842 2017 900 2062 quae
917 2002 958 2046 alii
974 2003 1043 2047 etiam

164 2075 269 2117 auctores
279 2072 337 2117 sacri
346 2074 475 2132 proterunt3
490 2074 518 2119 ct.
536 2078 598 2118 Ioan.
613 2078 687 2127 11136.
704 2079 714 2118 1
729 2076 778 2119 Cor.
796 2073 937 2128 10‚u.Hebr.
956 2077 1006 2130 e,5;
1019 2078 1050 2130 9,=

164 2148 176 2187 9
187 2146 228 2188 etc.
238 2158 242 2197 ;
254 2144 324 2187 immo
336 2145 416 2188 axillis
425 2145 479 2204 ipsis
496 2160 554 2204 quae
564 2145 591 2188 de
604 2159 627 2189 se
638 2145 741 2190 Christus
751 2145 827 2189 docuit
837 2148 898 2189 loan.
914 2149 992 2200 rar&
1005 2150 1040 2201 15,

162 2218 197 2259 25.
210 2207 288 2275 ltaque
303 2230 380 2260 sensus
390 2216 479 2276 typicus
489 2219 537 2261 erat
549 2218 624 2261 notus.
636 2219 712 2275 Neque
728 2216 807 2260 desunt
817 2218 841 2260 in
851 2217 933 2261 veteris
943 2216 1042 2261 foederis

162 2286 227 2331 libris
244 2302 270 2331 ea
291 2287 375 2346 quibus
395 2301 472 2333 sensus
492 2289 580 2347 typicus
597 2287 719 2332 indicetur.
734 2292 789 2333 Nam
806 2288 892 2333 Messias
908 2288 1042 2345 designatur

161 2358 256 2403 nomine
270 2360 341 2404 David
358 2358 401 2419 (Os.
417 2364 463 2415 3‚5.
478 2363 514 2403 Ea.
527 2364 606 2415 31,23;
622 2360 710 2418 3731),
722 2375 767 2419 pax
780 2363 801 2404 et
818 2360 914 2405 felicitas
930 2360 1041 2404 messiane

161 2430 237 2473 verbis
252 2431 279 2475 iis
293 2430 430 2474 describitur
444 2431 527 2489 quibus
540 2432 681 2489 prosperitas
693 2431 760 2488 regni
773 2430 898 2474 Salomonis
911 2431 1042 2475 declaratur

117 2507 120 2511 ’
163 2500 236 2560 (1111511.
250 2501 308 2559 tt),
325 2503 392 2559 regni
405 2502 511 2546 messiani
528 2502 627 2545 conditio
645 2502 792 2546 suscitatione
808 2501 951 2546 tabernaculi
970 2502 1041 2547 Dauid

118 2606 120 2609 Α
162 2573 223 2632 qnod
241 2573 324 2617 decidit
343 2573 395 2617 fieri
411 2573 493 2618 dicitur
510 2572 569 2632 (Am.
588 2573 659 2632 9‚11)‚
678 2573 784 2617 liberatio
800 2573 912 2618 messiane
928 2589 954 2618 eo
970 2574 1039 2618 modo

161 2645 296 2690 describitur
307 2660 353 2704 quo
366 2644 473 2689 liberatio
485 2660 510 2689 ex
519 2647 622 2705 Aegypto
634 2644 689 2688 olim
702 2645 762 2689 tacta
775 2646 865 2690 narrari
879 2646 936 2690 solet
950 2646 986 2704 (Is.
1002 2650 1038 2699 tt,

142 2732 144 2747 ³
162 2722 200 2771 153
219 2720 279 2771 t3‚2.
299 2721 333 2761 17.
353 2719 388 2761 Os.
407 2721 467 2772 215.
485 2717 550 2760 111511.
570 2717 644 2777 115),
656 2732 752 2774 regnum
766 2717 855 2761 llessiae
868 2717 960 2763 nomine
977 2720 1039 2760 leru-

160 2788 240 2844 salem,
260 2789 313 2833 Sion
332 2789 462 2848 appellatur
477 2792 533 2844 ete.;
552 2789 613 2832 hisce
632 2791 708 2832 autem
730 2792 751 2832 et
764 2787 877 2832 similibus
893 2788 953 2831 viam
963 2790 1039 2847 parari

161 2874 238 2904 sensus
254 2861 324 2920 typici
347 2860 399 2919 quis
421 2874 508 2917 negare
531 2861 627 2920 poterit?
643 2863 714 2906 Sensu
731 2863 807 2904 autem
823 2859 899 2918 typico
916 2859 1038 2904 maximam

160 2932 269 2976 constitui
289 2932 371 2976 Christi
388 2933 486 2989 gloriam
505 2933 529 2976 in
547 2935 626 2992 aperto
644 2936 676 2976 est
691 2930 799 2991 positum.
812 2934 848 2975 'Eo
864 2931 925 2975 enim
944 2934 1039 2992 apparet

160 3002 275 3049 Christum
286 3019 331 3048 esse
343 3018 448 3048 normam
461 3007 483 3048 et
493 3018 624 3048 mensuram
636 3019 662 3047 ex
672 3018 718 3062 qua
730 2997 806 3046 omnia
816 3018 829 3047 a
839 3007 884 3047 Deo
894 3003 1036 3056 ordinentur,

160 3091 213 3121 eum
224 3091 271 3120 csse
285 3078 388 3119 centrum
403 3075 432 3119 ad
448 3076 510 3134 quod
524 3090 559 3119 res
575 3075 678 3118 oninium
694 3075 835 3119 saeculorum
851 3075 988 3119 referantur.
1004 3073 1039 3119 Uti

160 3148 221 3192 enim
238 3146 339 3194 Ecclesia
358 3147 439 3191 Christi
458 3149 491 3190 est
515 3161 596 3206 corpus
617 3146 699 3189 Christi
721 3147 841 3206 mysticum
863 3146 956 3205 eiusque
974 3147 1037 3190 inse
