2239 3511
166 186 192 226 90
523 186 599 216 namu.
608 148 635 224 ll,
652 177 690 215 lc.-

167 277 190 322 S.
202 276 339 331 ilralrrosr'as,
350 276 401 320 Alb.
414 278 476 320 luas.
488 275 560 319 llleld.
573 274 636 333 Sesto.
651 277 800 333 provocantes
813 273 842 317 ad
851 275 915 316 Num.
932 274 984 323 36,ss
995 284 1040 330 qua

167 348 217 405 lege
227 349 250 391 in
263 348 352 390 filiabus
365 342 490 392 heredibus
505 350 604 398 cavetur,
618 347 643 388 ut
653 345 767 389 hereditas
777 345 909 403 permaneat
921 343 944 386 in
955 341 1041 385 familia

146 445 148 448 -
168 418 253 462 eadem.
268 419 360 469 llariam
373 432 427 462 vero
440 432 467 461 ex
476 417 564 461 familia
579 416 651 460 David
664 418 738 460 ortum
751 415 833 460 ducere
848 414 910 459 haud
925 412 1040 457 immerito

167 490 191 535 S.
207 488 284 534 Ambe.
299 490 316 534 l.
333 505 354 533 c.
372 494 393 543 t,
412 489 476 534 Hier
495 490 562 533 Pascl
572 524 575 532 .
595 488 671 531 Tlacm.
691 486 762 532 Sella.
781 486 852 531 lllcld.
870 487 953 545 aliique
970 500 996 528 ex
1014 498 1040 526 eo

168 575 258 620 quoque
269 561 383 605 affirmant
397 561 452 619 qma
462 566 515 604 cum
525 559 607 618 loseph
616 558 641 602 iu
652 558 784 603 Bethlehem
793 558 894 618 prolecta
905 560 937 601 θεῖ
948 554 1038 616 quando

168 646 247 675 census
257 632 367 689 agebatur
375 635 427 675 Luc.
440 625 485 687 hl.
498 636 519 676 5.
532 631 624 675 llariam
634 630 706 674 filiam
716 628 823 674 heredem
833 628 902 673 tuisse
912 630 934 671 et
943 626 1039 687 proinde

167 702 217 746 viro
231 706 313 759 agnato
327 703 432 747 debuisse
446 703 545 758 nubere,
561 703 671 747 sententia
684 705 716 746 est
729 700 790 761 apud
803 702 889 745 veteres
905 698 1040 759 pervulgata

169 773 205 832 (cl.
226 776 287 819 Patr.
308 775 394 818 dissert.
412 778 439 819 VI
461 791 484 834 p.
506 773 631 833 15)'quam
647 773 701 817 inde
718 789 808 833 quoque
827 772 962 817 confirmant
978 767 1040 829 quod

169 845 272 903 quamvis
288 847 312 889 in
328 845 456 902 evangeliis
472 859 546 889 sermo
569 845 609 888 fiat
627 845 654 888 de
674 844 783 889 fratribus
802 843 893 898 Christi,
913 843 940 886 de
963 854 1039 885 sorore

168 916 257 968 Mariae,
274 919 349 959 tamen
367 930 487 975 nunquam
503 915 531 959 de
550 914 659 959 tratribus
675 916 756 959 llariae
774 915 859 959 mentio
879 914 997 957 inferatur.
1017 911 1039 955 Si

169 985 249 1030 tratres
261 986 388 1042 habuisset⁷
404 1002 445 1031 cur
459 987 506 1031 elus
518 1002 573 1030 cura
582 986 674 1044 loanni,
688 986 775 1030 homini
790 985 877 1040 alieno,
894 982 1038 1044 commenda-

169 1059 231 1100 retur
250 1057 317 1114 (toan.
336 1056 429 1118 tthssssl‘?
444 1062 476 1102 Ex
492 1057 567 1102 verbis
583 1057 632 1102 eius
651 1073 655 1103 :
672 1057 784 1117 quomodo
801 1058 839 1101 fiet
854 1056 915 1100 istud
931 1055 1038 1114 quoniam

168 1127 243 1171 virum
260 1144 304 1172 noir
323 1144 434 1186 cognosco
455 1130 517 1189 (Luc.
540 1130 599 1187 1‚3t)
624 1129 716 1173 omnino
738 1128 842 1173 concludi
861 1129 948 1186 oportet
965 1126 1038 1185 ipsam

169 1198 324 1256 virginitatem
342 1203 385 1244 Deo
406 1199 503 1244 vovisse.
525 1203 572 1244 lam
588 1215 642 1243 vero
660 1201 679 1244 si
700 1200 854 1257 virginitatem
871 1202 919 1243 Deo
933 1198 1036 1251 voverat,

170 1270 282 1328 quemodo
299 1272 383 1331 nuptiis
400 1286 452 1316 cunr
470 1271 550 1330 Ioseph
569 1271 729 1314 contrahendis
748 1272 870 1314 annueret?
888 1282 955 1313 causa
973 1266 1057 1311 nulla

170 1341 215 1384 alia
231 1356 276 1386 esse
293 1343 377 1401 potuit,
398 1342 521 1402 respondet
538 1344 609 1398 Pate,
627 1342 670 1386 nisi
688 1343 742 1401 qula
759 1341 788 1386 ad
806 1342 830 1385 id
849 1341 900 1398 lege
919 1342 1038 1397 cogeretur

116 1426 120 1432 ·
169 1412 260 1456 iubente
277 1414 335 1457 filias
354 1414 450 1458 heredes
471 1414 538 1457 alicui
558 1416 641 1470 agnato
658 1413 752 1458 nubere.
772 1411 862 1457 ll'ariam
880 1412 992 1469 virginem
1012 1425 1038 1453 ex

169 1490 252 1540 genere
269 1483 372 1529 davidico
391 1500 441 1534 >esse
461 1487 545 1539 ortam,
566 1484 627 1528 clare
644 1499 733 1543 quoque
753 1485 882 1528 enuntiatur
898 1499 911 1527 a
929 1482 950 1526 S.
968 1481 1037 1526 Paulo

169 1555 280 1599 scribente
296 1571 300 1600 :
316 1556 343 1599 de
357 1556 410 1599 Filio
425 1571 466 1600 suo
479 1556 519 1614 qui
530 1555 601 1599 faetus
613 1558 645 1598 θεῖ
658 1556 679 1599 ei
690 1570 716 1599 ex
729 1556 812 1599 semine
827 1554 897 1598 David
912 1552 1037 1598 secundnm

169 1618 259 1670 carnem
272 1627 344 1686 (Rom.
364 1626 418 1685 1‚3).
435 1629 504 1682 Nam,
523 1629 548 1670 ut
565 1628 610 1670 iam
629 1626 800 1672 Tertullianus:
819 1645 829 1667 «
843 1640 896 1683 ergo
910 1641 935 1670 eu
952 1625 1037 1678 semine

101 1699 104 1704 '
169 1697 237 1740 Daticl
248 1713 299 1742 caro
311 1698 404 1754 Christi,
419 1698 458 1742 sed
472 1698 597 1754 secundum
613 1698 694 1742 llariac
710 1713 800 1742 carnem
814 1712 839 1742 ex
854 1698 939 1741 semine
954 1696 1046 1748 David„

170 1782 224 1824 ergo
238 1784 264 1812 ex
279 1770 359 1812 Mariae
378 1775 501 1824 carnemt,
520 1769 575 1812 dum
593 1784 619 1813 ex
639 1770 724 1812 semine
741 1772 773 1813 est
790 1769 872 1822 David;
893 1782 1036 1827 quocumque

169 1839 287 1883 detorseris
301 1839 397 1895 dictum,
410 1842 449 1884 aut
459 1856 485 1884 ex
494 1855 562 1884 carne
573 1843 605 1883 est
618 1841 699 1883 llariae
711 1840 772 1899 quod
782 1855 808 1883 eu
818 1840 902 1883 semine
913 1842 945 1883 est
954 1838 1034 1890 David,

115 1962 116 1965 Ἴ
168 1913 207 1954 aut
217 1926 242 1954 ex
252 1911 321 1954 David
330 1913 415 1956 semine
431 1911 534 1970 estquod
548 1927 573 1955 cx
587 1926 653 1955 carne
667 1914 699 1955 est
712 1912 792 1955 llariae
804 1930 813 1951 a
827 1912 833 1956 t
836 1910 863 1955 de
877 1925 944 1955 carne
954 1910 1036 1953 Christi
1069 1916 1071 1918 ’

167 1986 205 2036 223
218 1982 248 2025 M.
261 1987 281 2036 2,
293 1978 353 2041 789);
365 1986 433 2041 atque
443 1982 548 2026 similiter
556 1983 633 2040 arguit
641 1985 661 2027 S,
674 1983 812 2040 Augustinus
824 1998 828 2025 :
842 2002 851 2023 (ι
861 1997 912 2026 cum
922 1977 1036 2025 evidenter

168 2052 227 2096 dicat
236 2054 349 2111 apostolus
358 2053 440 2097 Paulus
451 2054 572 2097 exsemine
587 2053 658 2098 David
671 2054 795 2097 seeundum
806 2067 896 2097 caruem
911 2053 1034 2105 Christum,

166 2124 239 2182 ipsam
260 2139 349 2183 quoque
364 2126 455 2167 Mariam
475 2124 503 2167 de
525 2125 593 2183 stirpe
607 2124 678 2168 David
698 2125 799 2183 aliquem
816 2124 1035 2181 consanguinitatem

166 2194 264 2248 duxisse,
277 2194 381 2238 dubitare
392 2196 472 2254 utique
485 2194 531 2239 uon
544 2195 673 2239 debemus»
685 2195 723 2255 (de
739 2210 799 2240 cons.
814 2210 894 2252 evang.
906 2199 950 2250 22.
967 2200 990 2246 ῖς
1002 2197 1033 2238 ll.

166 2266 280 2325 matema
294 2270 314 2309 et
327 2266 431 2310 similiter
445 2269 524 2310 contra
538 2269 643 2310 Faustum
657 2271 717 2321 2329.

194 2339 276 2380 Verum
290 2352 431 2396 quamquam
444 2338 512 2382 llaria
528 2338 595 2395 virgo
613 2342 645 2381 est
664 2353 690 2381 ex
706 2339 775 2397 stirpe
793 2338 875 2392 David,
890 2338 914 2381 ld
932 2337 1034 2381 nondum

166 2408 281 2452 sulficitnt
290 2408 423 2467 explanetur
437 2424 478 2453 our
487 2409 624 2465 genealogia
637 2410 718 2468 loseph
728 2412 878 2453 recenseatur.
891 2412 948 2452 Haec
959 2412 1035 2452 antem

165 2479 245 2522 merito
257 2482 385 2523 recensetur
396 2483 418 2523 et
431 2483 463 2523 θεῖ
477 2480 544 2523 simul
554 2481 691 2537 genealogia
705 2480 797 2535 Christi,
813 2480 866 2539 qnia
881 2479 941 2523 inter
956 2481 1035 2539 loseph

166 2554 187 2594 et
200 2550 290 2594 llariam
301 2551 415 2607 virginem
428 2545 507 2594 verum
521 2550 601 2595 exstitit
612 2551 778 2609 coniugiumet
791 2552 890 2596 Christus
902 2567 927 2596 ex
939 2552 1035 2609 coniuge

164 2622 253 2681 losephi
267 2626 386 2682 tamquam
404 2622 465 2666 filius
482 2621 600 2680 legitimus
618 2638 644 2667 ex
660 2627 732 2667 matre
746 2623 850 2681 legitima
867 2627 932 2667 natus
950 2627 989 2668 est.
1010 2622 1036 2666 ld

163 2694 213 2737 iure
233 2693 296 2738 effert
313 2696 337 2740 S.
356 2694 499 2753 eripientibus
517 2709 524 2738 :
543 2712 553 2735 a
572 2696 701 2754 exsequitur
720 2696 845 2739 humanam
865 2695 1034 2751 generationem

165 2765 246 2810 Christi
260 2767 382 2810 Matthaeus
395 2767 424 2810 ab
438 2766 555 2811 Abraham
565 2770 712 2823 generatores
723 2780 901 2810 commemorans
914 2781 970 2824 quos
981 2781 1034 2825 per-

165 2835 226 2879 ducit
235 2837 264 2880 ad
274 2838 353 2896 loseph
366 2838 441 2882 virum
455 2838 547 2890 Mariae3
559 2853 634 2898 neque
645 2839 709 2882 enim
717 2839 751 2881 las
763 2840 810 2881 erat
825 2840 849 2880 ut
862 2837 890 2881 ob
901 2838 945 2882 hcc
958 2853 1011 2882 eum
1022 2853 1035 2881 a

165 2908 270 2964 coniugio
289 2910 369 2953 llariae
385 2908 540 2969 separandum
558 2912 649 2969 putaret
666 2909 727 2968 quod
742 2923 788 2952 uon
806 2924 833 2953 ex
849 2909 896 2953 eius
912 2909 1033 2953 concubitu

120 2991 121 2994 ’
165 2978 203 3023 sed
219 2978 283 3036 virgo
294 2981 382 3039 peperit
399 2981 513 3025 Christum
526 2999 536 3021 a
556 2981 592 3040 (de
610 2996 670 3025 cons.
686 2995 767 3037 etrang.
784 2984 829 3033 ΞΛ.
842 2981 863 3041 2)
878 2984 900 3025 et
915 2984 991 3025 nionet
1002 2981 1031 3025 ab

164 3051 212 3110 ipso
225 3053 247 3094 S.
259 3053 319 3094 Luca
329 3054 367 3109 qni
377 3053 469 3096 llariam
480 3052 593 3109 virginem
603 3052 717 3111 peperisse
731 3051 851 3097 clarissime
863 3053 942 3097 doceat
951 3053 1031 3111 loseph

164 3125 239 3166 tamen
254 3122 329 3166 vocari
343 3125 432 3181 patrem
449 3110 508 3177 lesu}
525 3123 587 3166 unde
602 3126 676 3166 antem
692 3123 749 3167 hoel
763 3142 773 3165 a
792 3125 834 3168 nisi
851 3125 904 3183 qnia
920 3126 942 3167 et
959 3125 1032 3167 virum
