2239 3511
124 195 163 234 450
480 199 555 228 ararru.
572 191 604 238 40,
621 169 655 228 td.v

125 287 221 333 Domino
232 289 317 333 versari
332 288 392 330 inter
407 287 509 355 pericula
526 289 547 330 et
564 287 729 344 infestationes,
743 289 814 333 veluti
832 292 922 337 ovesin
935 291 1011 338 medio

125 358 240 418 luporum.
254 361 377 418 Utramque
386 357 542 417 acceptionem
554 357 612 419 (πρὸς
622 365 705 414 λύκους,
717 362 744 413 εἰς
755 366 915 418 piscaritiam
926 367 945 409 ἐν
958 370 1011 423 μέσῳ

125 449 143 473 τ.
155 435 175 474 t.
188 428 242 488 trra)
255 431 278 474 S.
292 429 370 488 Clups.
383 429 493 488 sequitur.
791 431 792 434 ’
976 439 978 441 ’
1043 477 1045 479 ,

155 501 210 544 Cum
221 501 300 561 itaque
310 500 423 546 mediisin
434 502 541 561 periculis
553 505 575 546 et
588 502 678 548 insidiis
689 505 815 561 versentur,
825 508 850 551 ut
858 505 946 551 fructus
956 505 1022 550 mis-1

124 572 194 616 sionis
215 573 336 630 colligatur
355 587 412 632 opus
432 575 465 618 est
479 572 553 618 multa
573 568 704 634 prudentia,
723 575 932 636 circunspectione,¹
950 575 1010 621 inte·
1074 591 1075 595 ¹

124 643 207 700 mirate
217 657 320 689 summa:
332 652 401 689 estote
411 659 465 705 erpo
470 644 596 705 prudentes
605 645 665 692 sicot
674 655 788 707 serpentes
797 655 818 692 et
827 647 940 708 simplices
947 648 1010 693 sicat
1047 641 1049 643 ’

125 714 255 773 colliridam·
271 718 366 775 ἀκέραιοι,
382 732 426 761 vox
441 709 587 777 explicaturi>
607 725 632 775 μὴ
648 726 770 779 κεκραμένος
784 730 861 774 κακοῖς,
872 720 919 766 ἀλλ’
931 724 1008 772 ἁπλοῦς

125 792 156 831 καὶ
174 789 277 841 ductarier
297 787 379 848 (Etym.
398 803 429 835 m.
450 790 478 835 cl.
500 789 597 848 Scirone7
622 789 714 850 Weiss),
733 791 770 835 vel
788 794 814 836 ut
833 790 932 851 Tlreoplc.v
952 789 984 835 ait
1002 802 1007 834 ι

124 858 189 903 iubet
201 875 242 906 nos
259 874 306 904 esse
317 863 428 918 ἀκεραίους,
445 867 551 917 τουτέστιν,
570 866 646 914 ἁπλοῦς
660 867 692 907 καὶ
709 864 819 920 ἁπονήροὺς
833 867 866 908 καὶ
880 868 906 919 μὴ
923 868 1007 917 βλαπτι-

125 936 184 986 κούς,
202 930 300 989 proinde
315 925 421 985 sinceros,
433 946 512 990 puros,
525 932 574 976 sine
585 932 646 987 luco,
659 932 751 977 vafritie
763 933 800 977 vel
815 933 868 977 dolo
881 932 950 987 malo,
960 947 1008 978 non

113 1003 253 1060 expetentes
266 1002 408 1047 occasionem
424 996 529 1058 nocendi,
545 1018 591 1048 non
606 1018 719 1062 memores
731 1003 830 1049 iniuriae
846 1003 976 1064 acceptae(
991 1005 1006 1051 l,

123 1072 148 1116 S.
161 1071 240 1131 Clerps.
255 1073 326 1119 Ecctla
346 1085 382 1134 op:
399 1074 454 1135 imp.
471 1074 548 1119 llcom.
560 1076 616 1119 Fob.
629 1075 696 1128 Dion.
707 1074 778 1121 Mcld.
790 1076 850 1121 [aas.
864 1075 954 1136 Lamp).
965 1078 1008 1120 Eo—

124 1143 176 1188 dem
193 1144 261 1189 modo
276 1148 340 1190 Rom.
360 1150 426 1201 iope
439 1148 531 1205 ἀκέραιος
550 1149 578 1200 εἰς
595 1154 616 1193 το
632 1150 701 1203 κακον,
721 1146 758 1191 eui
773 1148 897 1207 opponitur
907 1154 965 1207 σοφὸς
979 1150 1007 1199 εἰς

123 1223 145 1268 τὸ
164 1218 236 1274 ἀγαθὸν
253 1219 275 1260 el
291 1217 350 1261 Phil.
366 1221 418 1271 2,15
436 1222 535 1274 ἄμεμπτοι
551 1221 583 1264 καὶ
598 1220 693 1277 ἀκέραιοι.
710 1210 818 1263 Animum
836 1219 865 1263 ab
877 1220 939 1263 omni
955 1218 1006 1263 vin-

124 1286 185 1332 dicta
194 1288 303 1343 alienum,
314 1297 359 1332 'non
365 1288 533 1346 indignatione,
544 1289 746 1334 sedmoderatione
755 1294 776 1334 et
785 1290 895 1349 patientia
905 1292 1007 1334 utentem

124 1360 194 1403 etiam
206 1359 230 1403 S.
250 1358 349 1403 Basilicas
367 1360 424 1419 (reg.
437 1359 502 1404 brev.
517 1364 571 1415 et53
583 1362 614 1405 M.
634 1353 757 1420 31‚1at5),'
767 1360 897 1405 Theodorus
910 1361 1006 1414 heracl,

124 1430 224 1475 Isidorus
233 1431 305 1490 palus,
321 1430 351 1488 (in
361 1430 405 1475 cat.
416 1430 461 1489 Cr.)
477 1431 599 1490 explicant.
614 1430 738 1475 Prudentia
755 1447 807 1476 vero
820 1435 919 1491 opusest
930 1431 959 1476 ad
971 1431 1007 1476 in·
1062 1481 1064 1487 .

124 1500 194 1547 sidias
206 1505 229 1545 et
239 1502 342 1561 pericula
353 1492 482 1556 devitanda,
496 1503 525 1546 ad
534 1496 647 1547 vitamita
656 1502 820 1547 instituendam
830 1516 859 1546 ne
866 1502 917 1547 aliis
927 1517 1005 1547 ansam

115 1570 251 1633 ‘praebeant
263 1573 420 1617 calumniandi
430 1588 487 1617 neve
498 1588 577 1617 eorum
588 1573 700 1618 malitiam
711 1576 837 1632 provocent
847 1574 885 1633 (cf.
898 1571 934 1634 op.
948 1573 1003 1633 imp.

122 1643 191 1688 Ilion.
206 1642 291 1704 loros.);
307 1645 356 1703 pari
370 1643 506 1703 mcdo'cpus
516 1646 548 1689 est
561 1644 682 1703 prudentia
693 1644 719 1688 in
730 1645 834 1689 doctrina
848 1644 967 1700 tradenda,
980 1647 1005 1688 ut

122 1715 227 1760 adhibita
238 1711 443 1774 circumspectione
453 1730 479 1759 ac
488 1706 668 1760 consideratione
676 1718 698 1759 et
707 1716 772 1775 quasi
779 1715 918 1776 introspecta
924 1717 1005 1760 unius-

123 1787 233 1846 cuiusque
247 1790 270 1831 et
280 1790 363 1831 natura
377 1789 399 1831 et
408 1785 526 1831 voluntate
539 1787 572 1845 (S.
586 1786 645 1845 Hit.)
657 1788 690 1830 ita
702 1787 805 1837 doctrina
819 1789 1005 1846 proponatu1²,ut

123 1858 267 1913 audientium
276 1858 347 1901 animi
356 1858 386 1902 ad
396 1872 444 1902 eam
457 1857 640 1917 amplectendam
651 1857 783 1901 alliciantur
794 1857 826 1917 (S.
838 1857 938 1901 Basilicas
951 1858 967 1901 l.
983 1873 1002 1901 e.

122 1929 173 1975 sim.
192 1931 215 1974 S.
236 1928 337 1989 Paret).
355 1932 478 1987 Utramque
493 1931 568 1972 autem
585 1930 693 1972 virtutem
711 1928 778 1985 iungi
796 1932 887 1988 oportet
901 1928 1002 1987 (Βατία),

61 2013 62 2016 ’
121 2000 244 2061 prudentia
254 2001 316 2044 enin]
332 2000 380 2044 sine
393 2000 537 2062 simplicitate
549 1999 615 2050 facile
626 1999 702 2044 evadit
715 1999 824 2055 vafrities,
837 2000 926 2054 astutia,
937 1999 1003 2044 ealli-

122 2072 192 2127 ditas;
204 2071 338 2131 simplicitas
353 2074 429 2115 autem
440 2071 487 2115 sine
498 2070 621 2130 prudentia
632 2073 727 2130 propter
740 2070 845 2114 fraudem
855 2074 878 2115 et
889 2071 1002 2115 malitiam
1043 2069 1045 2071 ’

122 2145 219 2188 aliorum
230 2143 331 2203 piurima
342 2142 426 2196 danrna
435 2142 515 2186 afferre
526 2142 583 2187 solet
594 2142 600 2200 t
615 2143 630 2186 t.
642 2141 694 2186 Aio.
703 2142 784 2199 Iona).
795 2142 920 2186 Prudentes
930 2142 1002 2198 igitur

119 2219 197 2270 estote,
211 2213 287 2273 inquit
300 2214 324 2257 S.
343 2216 393 2267 Ba,
409 2213 493 2258 sedita
509 2213 642 2273 prudentes,
657 2216 682 2256 ut
695 2211 866 2271 simplicitatem
877 2227 924 2257 nen
938 2213 1002 2257 amit-

120 2287 184 2342 tatis3
196 2286 301 2346 simplex,
310 2285 357 2329 sine
367 2284 456 2339 fraude,
466 2284 515 2328 siue
528 2299 625 2338 veneno,
637 2283 685 2328 sine
699 2283 760 2339 delo,
773 2283 820 2328 sine
830 2284 883 2328 felle
894 2284 1003 2343 omnique

121 2357 274 2403 amaritudine
288 2357 317 2401 sit
326 2356 450 2416 prudentia
459 2358 541 2400 vestra.

148 2501 278 2541 Proverbiali
287 2500 396 2539 locutione
405 2498 484 2538 dicitur
492 2496 603 2551 prodentes
613 2496 666 2536 siccet
674 2502 789 2550 serpentem
796 2497 901 2549 serpentis
909 2497 1002 2550 pruden-

120 2567 150 2608 tia
164 2564 318 2606 iaminnuitur
332 2564 384 2604 Gen¹
399 2564 443 2613 3,r;
458 2564 481 2603 in
495 2562 586 2603 formam
601 2562 747 2614 serpentinam
758 2573 780 2603 se
793 2565 863 2605 mutat
876 2565 897 2603 et
906 2563 1002 2604 insinuat

120 2631 245 2674 vaferrimus
254 2630 291 2670 ille
303 2630 403 2670 seductor
408 2641 413 2680 ;
427 2640 515 2682 serpens
527 2629 601 2680 leniter
614 2628 720 2680 serpendo
732 2632 752 2668 et
765 2628 865 2668 facillime
876 2640 898 2668 se
912 2630 1001 2669 abscon-

121 2699 190 2739 dendo
201 2701 221 2738 et
234 2685 328 2749 pericula
342 2695 428 2747 fugitet
441 2694 517 2735 callide
528 2695 606 2736 damna
619 2694 689 2735 infert.
701 2694 733 2735 Ad
744 2705 791 2734 eam
802 2693 939 2746 prudentiam
952 2693 1000 2733 illu-

121 2764 228 2804 strandam
239 2764 321 2802 veteres
330 2761 443 2814 praecipue
457 2761 547 2802 afferunt
561 2762 681 2812 serpentem
691 2762 736 2800 toto
750 2755 956 2811 corpore-occultare
967 2770 1000 2798 oa-

121 2833 158 2882 put
172 2833 192 2868 et
205 2828 258 2869 illud
268 2828 291 2868 in
303 2839 344 2880 quo
357 2828 401 2868 vita
414 2827 441 2867 sit
454 2828 564 2880 protegere
576 2824 606 2879 (S.
623 2824 695 2880 Ctrps.
709 2824 755 2866 Hil.
769 2824 828 2865 Hier.
841 2822 914 2864 Pescla.
930 2823 998 2864 Tlrom.

120 2892 178 2944 Fet„
187 2892 231 2933 Coi.
247 2892 313 2948 lons.)
326 2893 360 2935 vel
375 2893 441 2934 etiam
454 2904 527 2934 aurem
540 2904 605 2933 uriam
620 2894 692 2944 petrae
706 2901 822 2943 opponere,
834 2889 921 2930 alteram
935 2890 1001 2930 cauda

120 2960 220 3002 claudere
231 2971 257 2998 ne
268 2959 339 3000 audiat
350 2960 483 3001 incantantes
492 2958 523 3010 (S.
535 2958 589 3013 Aop.
601 2960 624 2998 in
632 2959 666 2998 Ps.
678 2954 702 2997 57
713 2968 735 2996 n.
747 2957 769 3004 53
781 2953 831 2995 Bed.
843 2954 905 2996 Dior.
917 2956 969 2996 haec
980 2958 1001 2996 et

120 3028 162 3069 alia
171 3026 218 3067 uide
229 3024 285 3083 apud
296 3023 354 3078 Splo.
365 3025 415 3066 Bor.
427 3024 502 3080 Lop.);
514 3025 550 3065 alii
562 3026 587 3064 de
598 3025 643 3065 acie
654 3021 779 3063 acutissima
793 3023 897 3075 serpentis
908 3021 1000 3061 mentio·
1029 3028 1030 3037 ³

119 3106 170 3135 nem
182 3092 264 3134 iaciunt
276 3089 381 3145 (Reisotl).
394 3091 465 3144 Aliqui
476 3092 564 3132 censent
573 3089 639 3130 alludi
652 3099 736 3140 quoque
747 3087 772 3128 ad
786 3088 870 3128 fatalem
880 3088 938 3128 illam
951 3097 1000 3137 pru·

121 3160 213 3201 dentiam
230 3170 270 3211 qua
287 3158 330 3199 Eva
345 3169 356 3196 a
372 3158 470 3208 serpente
486 3159 517 3196 est
534 3155 673 3205 deceptaput
686 3153 867 3204 quemadmodum
882 3153 925 3192 illic
941 3151 1000 3191 novit
