2239 3511
824 168 829 186 t

147 220 185 258 aaa
444 189 466 198 '⁶
506 206 585 251 aaran.
601 212 620 258 9,
636 213 668 251 18.

148 310 271 354 verborum
278 325 304 354 ac
313 309 417 353 dictionis
423 307 587 369 proprietatem
595 310 652 355 velis
661 312 767 354 evertere.
780 313 917 375 Quarepum
923 307 1022 353 narratio
1062 360 1063 363 Ἰ

150 381 227 424 dehoc
239 380 344 439 principe
360 381 417 424 lairo
433 381 493 440 apud
506 384 607 425 Marcum
620 383 642 425 et
656 384 738 425 Lucam
751 379 815 425 nullo
831 379 899 424 modo
914 380 1019 437 coniungi
1038 394 1042 406 “

148 451 216 510 possit
229 466 282 495 cum
297 452 474 509 interrogatione
485 452 513 496 de
529 452 616 497 ieiunio
630 467 697 512 quam
708 452 739 497 ,hi
753 452 798 496 duo
812 451 927 505 referunt,
941 451 1019 494 merito

148 521 247 566 dubitari
264 526 351 583 potest,
368 523 425 567 sitne
442 523 503 584 apud
513 524 654 568 ,llatthaeum
664 540 685 569 v.
703 527 769 568 n-rr
785 523 867 582 eadem
881 521 1032 582 disceptatio..
1064 547 1065 550 =

147 593 221 637 Talem
230 597 307 638 autem
316 595 470 653 quaestionem
479 610 539 654 quae
549 598 572 640 et
581 595 698 655 discipulis
707 595 795 640 Ioannis
804 596 827 638 et
832 593 957 653 pharisaeis
964 593 1021 637 tanti

148 666 255 709 momenti
274 679 321 710 esse
336 665 466 724 videbatur,
482 660 580 727 ‘saepius
597 682 643 711 esse
661 669 744 711 motam
761 665 829 710 valde
851 665 959 725 credibile
974 667 1017 718 est,

101 787 102 790 Ἰ
147 750 220 795 neque
234 737 311 782 minus
330 737 444 782 'Christum
459 738 495 783 his
510 738 592 783 eadem
605 739 652 782 fere
661 778 662 784 ,
671 738 755 782 ratione
771 736 921 796 respondisse.
941 734 1021 786 Quodsi

147 807 190 860 hoc
200 805 250 851 non'
261 808 391 864 admiseris,
406 809 497 853 fortasse
511 809 557 853 dici
573 812 646 868 posset
658 809 717 853 illud
732 810 787 854 llaec
795 811 848 852 ‘non
859 807 938 852 deberi
949 821 1020 851 evan-

144 879 251 935 gelistae,
262 880 303 922 sed
312 880 359 922 eius
367 880 391 922 in
399 894 505 936 graecum
514 880 654 924 translatori.
664 884 730 934 Nam,
739 879 843 940 utiidem
850 882 871 923 S.
883 878 1022 935 Augustinus

147 949 222 1005 sentit,
235 949 253 993 si
266 949 410 994 solummodo
423 949 561 994 diciturillo
574 950 689 1010 loquente,
701 965 747 995 non
758 943 815 1010 opus
830 953 862 993 est
873 945 985 995 assumere
995 947 1020 992 id
1045 984 1046 988 ,

148 1020 208 1079 quod
223 1021 370 1081 subsequitur
383 1022 481 1065 evenisse
495 1022 552 1066 dum
562 1022 695 1081 loqueretur
709 1036 807 1080 eaquae
824 1020 954 1067 immediate
969 1022 1020 1065 ante

123 1081 124 1085 ¹
146 1091 260 1135 habentur
271 1092 309 1152 (cl.
322 1091 350 1135 de
364 1107 424 1137 cons.
436 1108 517 1151 evang.
529 1096 592 1148 238.
607 1098 634 1138 aa
644 1096 666 1137 et
676 1098 711 1138 39.
727 1097 765 1146 863
780 1093 814 1137 ll.
827 1096 932 1147 aanor.
945 1090 1020 1150 1119),

176 1163 282 1222 Princeps
298 1162 337 1206 ille
353 1177 411 1207 alnas
421 1157 482 1221 (elei.
499 1177 579 1219 θ.,τις;
590 1165 619 1209 ot.
639 1163 701 1223 aaa)
718 1164 799 1224 aliquis
812 1163 948 1223 nominatur
960 1160 1020 1222 apud
1037 1155 1038 1159 ¹

141 1232 196 1276 alios
208 1232 288 1287 lairus,
304 1231 409 1291 princeps
422 1246 554 1290 synagogae
570 1231 651 1291 (Luc),
663 1231 859 1290 archisynagogus
871 1231 922 1291 (sin,
939 1223 1018 1291 alares)

142 1303 233 1360 accessit
243 1311 264 1347 et
277 1302 388 1348 adorabat
400 1317 450 1347 erran
462 1303 478 1347 i.
493 1318 512 1348 e.
525 1302 626 1362 procidit
639 1303 668 1347 ad
680 1303 749 1362 pedes
759 1303 815 1355 ciris,
827 1304 853 1347 ut
863 1302 902 1346 alii
912 1306 1018 1358 narrant;

146 1374 198 1417 vide
211 1374 240 1418 ad
253 1379 305 1430 8,2;
322 1364 416 1434 supplex
427 1390 477 1419 eum
489 1376 592 1433 rogavit,
608 1375 683 1420 dicens
696 1390 703 1419 :
714 1375 809 1419 Danaae
826 1373 860 1433 (in
872 1374 958 1431 graecis
972 1388 1019 1417 non

89 1456 90 1459 ’
145 1445 240 1501 legitur,
253 1446 307 1489 vide
320 1445 371 1489 lect.
384 1447 441 1504 var.)
452 1460 456 1501 ;
468 1447 519 1505 silla
531 1461 584 1490 ntea
594 1446 660 1490 niodo
671 1446 777 1504 defanata
787 1452 831 1500 est,
843 1444 884 1489 secl
891 1445 952 1506 aveni,
962 1448 1018 1499 eto.,·
1060 1477 1062 1479 -

146 1515 183 1558 hic
193 1516 238 1559 iam
252 1517 368 1560 succincta
378 1516 600 1576 narratiohahetu'm
612 1532 665 1561 nam
675 1516 797 1561 secundum
809 1515 866 1560 alios
877 1515 948 1559 tiliam
957 1515 1022 1575 prius

146 1586 200 1629 dicit
209 1601 254 1632 esse
263 1588 288 1631 in
299 1587 414 1641 extremis,
427 1587 478 1631 dein
487 1587 544 1632 dum
556 1587 750 1647 progrederentur
759 1586 855 1632 veniunt
863 1590 913 1648 post
922 1587 1020 1631 sanatio-

132 1658 227 1715 ‘tionem
242 1658 345 1702 mulieris
358 1658 553 1703 haemorrhoissae
570 1660 610 1718 qui
627 1660 733 1721 nuntiant
746 1659 819 1703 filiam
838 1672 885 1702 esse
896 1661 1020 1712 mortuam,
1061 1690 1062 1693 ,

146 1744 190 1788 quo
199 1729 259 1773 tacto
270 1728 371 1787 Christus
380 1730 463 1773 latrum
473 1731 558 1774 solatur
570 1744 575 1775 2
586 1729 634 1784 noli
644 1731 734 1786 timere,
748 1729 814 1775 crede
827 1731 918 1773 tautum
928 1732 950 1772 et
959 1729 1019 1773 salva
1067 1778 1068 1781 Ἰ

101 1842 103 1848 ,
147 1800 198 1843 erit,v
211 1803 283 1850 Quare
298 1801 344 1844 iam
359 1802 381 1844 S.
395 1801 535 1858 Augustinus
550 1803 640 1855 monet,
655 1801 713 1845 nihil
727 1801 751 1844 in
767 1801 877 1859 citiusque
893 1799 966 1844 verbis
980 1813 1020 1844 nos

147 1870 228 1914 richere
239 1870 364 1929 inspicere,
374 1870 417 1914 nisi
427 1872 568 1916 voluntatem
576 1872 614 1914 cui
624 1870 707 1918 debent
720 1872 790 1915 verba
800 1870 897 1925 servire,
909 1885 950 1914 neo
960 1884 1020 1914 men-

145 1941 183 1984 tiri
195 1955 336 2001 quenrquam
348 1941 366 1984 si
379 1942 428 1985 aliis
441 1942 515 1996 verbis
531 1941 613 1985 dixerit
627 1942 682 2001 quid
696 1942 735 1986 ille
749 1941 860 1995 voluerit,
874 1941 937 1985 cuius
950 1941 1020 1985 verba

140 2004 196 2071 &non
207 2012 271 2067 dioit;
289 2013 340 2057 sim.
354 2012 442 2067 Salrn.,·
457 2015 576 2072 praeterea
590 2013 649 2056 bene
663 2015 726 2057 notat
738 2014 798 2057 laras.
816 2027 824 2056 .·
842 2029 852 2052 n
868 2013 908 2071 qui
922 2013 1020 2056 breviter

146 2083 233 2142 aliquid
245 2097 342 2127 narrare
357 2083 451 2140 gaudet,
467 2084 558 2141 cogitur
569 2097 734 2142 nonnunquam
748 2084 777 2128 ob
791 2083 929 2127 narrationis
942 2098 1021 2127 conve-

146 2154 254 2197 nientiam
262 2153 329 2197 aliter
337 2149 423 2213 aliquid
431 2168 524 2198 narrare
533 2169 603 2213 quam
613 2154 725 2212 quomodo
734 2156 824 2212 gestum
834 2156 866 2197 est
874 2153 936 2212 qnod
944 2156 1020 2198 tanrcn

145 2225 198 2268 lacit
210 2225 258 2268 sine
267 2223 372 2268 falsitatis
384 2227 406 2268 et
415 2225 529 2269 mendacii
538 2227 606 2279 nota,
619 2225 638 2268 si
648 2225 729 2269 modus
739 2225 767 2268 ah
777 2225 828 2284 ipso
838 2227 944 2269 narratus
953 2225 978 2268 in
987 2225 1020 2268 rei

146 2298 221 2353 gestae
233 2296 314 2339 ordine
327 2295 407 2339 saltem
420 2296 629 2355 comprehendatur
645 2314 671 2351 u,
690 2296 750 2340 unde
764 2296 903 2340 Matthaemn
912 2295 1023 2355 principis

147 2368 277 2426 petitionem
286 2366 372 2410 referre
381 2367 445 2423 signo
453 2367 526 2423 magis
535 2381 606 2426 quam
614 2367 688 2410 verbis
696 2380 832 2425 expressam.
843 2366 887 2409 Alii
894 2367 1023 2410 existimant

146 2453 197 2482 eum
212 2438 247 2481 bis
260 2437 362 2496 petiisse
379 2437 425 2480 soil.
444 2437 523 2480 'terum
541 2437 620 2480 mortis
632 2438 711 2480 nuntio
726 2437 793 2480 allato
804 2439 827 2479 θῖ
842 2436 977 2480 llatthaeum
992 2451 1018 2481 ex

147 2509 233 2551 duabus
244 2522 317 2550 arnam
327 2506 424 2550 effecisse
434 2507 562 2551 orationem
572 2505 631 2565 (aar.
643 2506 725 2566 llalcl.)
732 2521 736 2562 ;
744 2507 772 2550 rid
781 2510 860 2551 tamen
873 2521 962 2552 necesse
974 2522 1021 2551 non

146 2582 188 2633 est,
200 2579 267 2622 sicuti
278 2578 383 2622 necerim
396 2578 420 2623 S.
434 2577 687 2640 Chrysessnmendum
699 2580 740 2632 est,
754 2592 806 2623 eum
816 2578 881 2637 loqui
892 2578 919 2622 de
929 2582 1019 2623 mortua

145 2651 192 2695 iilia
205 2650 240 2694 vel
254 2665 280 2694 ex
293 2649 410 2709 probabili
423 2650 555 2694 coniectura
565 2649 601 2693 vel
614 2652 640 2693 ut
649 2645 698 2709 ipsa
711 2650 887 2708 exaggeratione
899 2651 1018 2694 Domimrm

146 2722 174 2766 ad
187 2736 253 2781 opem
269 2720 389 2765 ferendam
405 2713 572 2775 movenasatis
586 2723 619 2765 est
631 2720 706 2765 dicere
719 2721 856 2773 llatthaeum
869 2720 903 2763 rei
916 2720 1021 2764 substan-
1068 2755 1069 2759 ¹

146 2795 200 2837 tiam
208 2792 363 2853 perstringere
373 2793 448 2852 potius
459 2807 527 2852 qusun
538 2792 647 2835 historiae
657 2792 737 2835 seriem
750 2804 859 2836 enarrare
873 2789 957 2850 (Lep).

102 2854 105 2861 ¹
175 2866 230 2907 Petit
241 2878 245 2908 :
258 2865 350 2923 e'rnpeae
360 2871 527 2908 martianinum
536 2878 606 2922 serpet·
615 2878 665 2907 enni
676 2871 697 2907 et
706 2864 777 2918 olnet;
785 2875 841 2904 sane
851 2861 946 2907 sciverat
956 2864 1020 2907 Chri-

146 2939 205 2980 stum
219 2950 286 2994 saepe
300 2936 346 2978 iam
359 2936 449 2980 morbos
462 2924 552 2980 curasse
563 2935 671 2994 imposita
685 2948 764 2988 manu,
777 2932 830 2976 vide
846 2935 898 2977 Luc.
917 2939 968 2990 ato
979 2949 984 2980 :
996 2940 1018 2978 at

99 3047 100 3050 ,
145 3007 184 3051 ille
197 3007 293 3064 singulis
307 3021 386 3050 manus
395 3007 512 3066 imponens
526 3006 623 3050 curabat
633 3019 670 3048 eos
680 3007 702 3048 et
715 3004 743 3048 cf.
757 3004 834 3052 llatth.
847 3008 893 3058 8,3.
907 3010 944 3061 153
958 3005 1017 3049 unde

145 3079 201 3138 petit
212 3077 274 3138 quod
285 3076 385 3121 Christus
394 3078 465 3122 facere
476 3077 573 3130 solebat,
589 3090 660 3134 qnare
672 3076 696 3118 in
706 3090 732 3119 ea
741 3077 850 3136 petitione
860 3091 907 3120 non
917 3076 1017 3136 estquod

146 3165 198 3194 cum
207 3149 324 3209 aliquibus
335 3148 512 3206 reprehendatur
521 3147 616 3191 merito.
629 3146 691 3197 Quod
704 3148 758 3206 petit
772 3150 796 3192 ut
809 3147 888 3191 veniat
900 3147 1018 3202 Dominus,

472 3216 473 3219 =
506 3217 519 3232 a
