2239 3511
143 202 181 240 aar
439 232 440 235 ,
461 195 554 249 ,istinc
572 201 603 246 io,
622 202 692 239 re-ro.

131 319 133 323 ⁴
171 303 226 346 Dein
237 299 389 344 tribunalibus
402 313 493 358 quoque
504 299 609 355 gentium
623 299 730 357 sistentur
739 313 761 344 v.
781 304 807 345 18
822 308 844 344 01
859 302 891 347 ed
901 301 1030 361 praesides,
1048 293 1052 298 ’

124 398 125 401 =
144 377 250 430 ἡγεμόνες,
267 369 381 430 praesides
398 370 577 430 provinciarum,
592 371 747 430 proconsules,
761 375 930 431 propraetores,
946 389 1030 432 procu-

141 446 236 496 ratores,
256 450 277 486 ee
296 441 327 485 ad
343 456 407 501 repes
427 442 551 497 ducemini,
567 442 600 486 uti
613 458 634 487 v.
653 456 676 500 g.
693 442 777 487 Paulus
791 443 820 488 ad
837 444 965 503 Agrippam
981 447 1028 488 Act.

143 519 210 559 2523
220 528 276 573 seq,
290 516 368 559 Petrus
378 517 401 557 et
410 515 490 557 Paulus
501 514 530 557 ad
540 517 660 570 Neronem,
673 517 768 559 Ioannes
780 514 811 559 ad
820 515 983 559 Domitianum.
995 504 1038 558 111-Ὶ

143 586 202 630 citur
212 590 283 631 111-
298 590 318 631 tt
332 588 471 641 01-1010;
484 584 645 643 gradationem
658 586 702 631 ista
716 584 977 645 particularumiuuctio
989 601 1030 631 ex-

141 657 230 717 primit3
247 656 358 702 sistuntur
375 657 408 702 uti
429 660 496 702 antea
512 657 668 702 trilumalibus
685 656 747 718 (eet),
765 667 790 702 at
803 657 839 718 (et)
851 658 1029 716 magistratuum

142 729 331 787 alienigenarum.
345 728 389 774 Sed
408 728 501 774 additur
515 728 750 774 ratio-consolationis
764 728 863 789 (lbera.)
874 736 969 790 propter
983 744 1027 777 rae,

142 800 225 847 Christi
234 816 301 846 causa
308 801 392 858 agitur,
401 800 479 861 itaque
488 815 523 844 res
533 804 565 845 est
575 801 677 859 gloriosa
687 805 709 846 et
719 801 800 854 victrix
810 791 885 861 neque
895 801 973 847 deesse
979 803 1030 861 pot·

75 888 78 892 ’
143 876 176 917 est
192 873 379 931 potentissimum
393 872 446 915 eins.
455 871 572 915 auxilium.
588 876 692 931 Propter⁴
701 877 749 918 lesu
765 888 850 935 nemen
860 873 1029 924 ‚annuntiatum

142 944 239 1002 apostoli
248 943 345 987 sisteban
350 945 384 988 tur
394 943 500 1000 synedrio
509 946 557 987 1101.
571 947 619 998 1,7;
633 948 694 998 518,
703 948 730 988 it)
741 946 762 987 01
771 944 934 989 caedebantur.
946 948 1035 988 Verum*
1093 986 1095 990 .

141 1016 198 1059 baec
209 1014 287 1059 omnia
298 1012 364 1059 erunt
374 1015 399 1059 in
410 1014 565 1058 testimonium
576 1014 623 1059 iliis
631 1022 652 1059 01
664 1015 769 1074 pentibus
777 1016 792 1059 i.
805 1030 824 1059 e.
835 1011 925 1060 Iudaeis
934 1013 972 1075 (de
980 1015 1029 1074 qui-

86 1081 88 1086 ’
141 1087 183 1130 bus
194 1087 218 1130 in
226 1101 247 1131 v.
257 1086 299 1145 ¹17)
310 1089 332 1129 et
342 1086 456 1143 gentibus,
468 1089 494 1131 ut
503 1087 550 1130 scii.
566 1087 659 1145 utrique
667 1089 734 1130 testes
745 1086 792 1130 sint
805 1083 860 1131 fidei
871 1089 893 1131 et
904 1086 1029 1131 alacritatis

142 1160 163 1202 et
179 1157 318 1202 constantiae
333 1157 497 1218 apostolorum,
512 1161 537 1201 ut
556 1158 649 1217 utrique
670 1158 774 1213 audiant,
793 1172 844 1203 cum
863 1157 960 1218 apostoli
974 1158 1028 1202 red-

141 1230 199 1274 dunt
216 1229 327 1290 rationem
344 1243 437 1288 seseque
452 1229 587 1283 defendunt,
601 1229 671 1273 fidem
682 1233 704 1273 et
715 1229 844 1273 doctrinam
854 1229 943 1274 Christi.
958 1233 984 1273 Et
996 1230 1029 1273 ita

140 1304 188 1345 tota
200 1315 236 1345 res
249 1301 293 1344 erit
305 1300 331 1344 in
344 1300 499 1345 testimonium
515 1304 595 1345 contra
609 1308 648 1345 'eos
661 1301 685 1344 in
700 1293 811 1359 tribunali
824 1300 870 1356 Dei,
882 1300 900 1344 si
915 1290 1036 1360 apostoloss

84 1412 86 1415 .
119 1371 192 1416 *rum
210 1371 406 1430 praedicationem
428 1358 625 1426 reiecerintierit,
642 1374 666 1415 ut
688 1370 786 1431 Tleeepb.
807 1371 870 1426 dicit,
893 1374 921 1424 εἰς
942 1378 1027 1430 ἔλεγχον

141 1447 204 1488 αὐτῶν
221 1449 246 1499 μὴ
261 1446 398 1496 nascentiam,
417 1461 427 1483 (1
445 1458 490 1502 quo
501 1443 632 1487 testimonio
645 1438 758 1489 excusatio
769 1443 888 1501 ignoratae
901 1441 1016 1487 divinitati

141 1514 264 1559 adimenda
283 1515 318 1578 sit¹
330 1514 525 1573 persequentibus,
540 1513 648 1571 gentibus
664 1527 720 1558 vero
731 1514 768 1557 via
778 1512 907 1573 pandenda
919 1513 1028 1558 credendi

141 1586 252 1642 Christum
268 1585 423 1645 pertinacibus
435 1585 496 1629 inter
509 1585 659 1629 saevientium
673 1599 758 1644 poenas
769 1585 924 1630 confessorum
934 1585 1028 1631 vocibus

141 1649 299 1717 praedicatum
314 1675 325 1698 i>
338 1656 370 1716 (S.
385 1656 452 1716 Hil.)

169 1732 195 1772 Et
208 1743 278 1787 quam
292 1727 391 1773 sublime
407 1743 434 1772 ac
449 1728 554 1772 divinum
570 1728 628 1772 illud
643 1728 802 1790 testimonium
820 1728 924 1772 futurum
944 1729 979 1783 sit,
994 1742 1028 1773 se·

141 1800 264 1859 quentibus
280 1800 409 1844 declaratur
424 1800 506 1858 quibus
520 1800 588 1843 simul
600 1815 661 1843 nova
675 1800 838 1843 consolationis
851 1800 908 1844 ratio
920 1799 1027 1859 apostolis

139 1872 250 1931 panditur
259 1886 281 1914 r.
298 1876 324 1915 19
336 1886 387 1915 crine
400 1880 476 1915 aretem
488 1870 636 1927 teuderacis,
647 1870 717 1914 nolite
730 1872 841 1929 copitare,
856 1878 881 1926 μὴ
894 1878 1037 1929 μεριμνήσηω

139 1943 155 1986 i.
167 1958 186 1986 e.
198 1958 227 1987 ne
236 1943 305 1998 auxii,
319 1957 347 1985 ne
358 1942 448 1986 solliciti
459 1941 506 1986 sitis
517 1943 587 1999 (fleres.
598 1940 672 1985 irrata.
686 1941 781 2001 Lamp),
794 1941 907 2001 quorrrodo
919 1950 959 1986 aret
970 1940 1028 2001 quid

140 2013 282 2074 loquamini·
295 2014 341 2057 duo
357 2013 530 2070 distinguuntur
542 2027 546 2058 :
558 2013 640 2056 modus
654 2027 699 2071 quo
711 2027 778 2057 causa
790 2016 812 2056 et
826 2013 926 2057 defensio
937 2012 1027 2071 agenda

118 2073 120 2078 ¹
139 2086 175 2141 sit,
187 2085 300 2144 resipsoe
311 2100 369 2143 quac
378 2084 488 2128 dicendae
500 2088 522 2128 et
535 2084 701 2143 proponendae
720 2085 772 2127 sint.
785 2088 814 2128 De
824 2087 907 2129 neutro
919 2084 979 2127 anxii
990 2084 1027 2127 vel

139 2156 231 2201 solliciti
247 2170 293 2200 esse
309 2156 394 2200 debent
412 2155 453 2215 (uti
469 2159 520 2199 Luc,
540 2159 605 2210 12,st
622 2170 665 2200 vox
677 2153 1026 2214 νο111111,1111111110’00911010

139 2228 239 2273 reddidit
248 2227 383 2288 interpres),
397 2227 522 2286 quasisuae
533 2227 574 2271 soli
584 2227 723 2286 prudentiae
734 2226 808 2270 relicti
819 2226 876 2280 sint3
891 2244 900 2267 a
911 2241 958 2271 non
969 2241 1026 2284 ergo

139 2300 277 2360 prudentem
285 2299 440 2358 responsionis¹
447 2298 677 2358 praemeditationem
689 2301 758 2351 vetat,
767 2298 808 2342 sed
818 2299 909 2342 anxiam
919 2298 1026 2343 nimiam-

89 2395 94 2405 ‹
140 2387 183 2431 que
196 2370 386 2425 sollicitudinum
404 2367 474 2415 simili
488 2384 554 2415 sensu
566 2369 639 2414 vetuit
653 2369 833 2414 sollicitudinem
846 2370 919 2414 victus
932 2370 1029 2428 crastini

140 2448 199 2498 aaa,
211 2447 236 2488 ut
248 2442 337 2486 discant
349 2443 405 2486 fides
419 2457 432 2485 a
444 2438 485 2486 Dei
502 2441 649 2500 providentia
663 2442 767 2503 pendere
783 2455 879 2499 eamque
893 2441 1026 2500 suppliciter

134 2514 243 2573 ‘quotidie
259 2513 391 2557 invocare»
409 2512 494 2571 (Lep.)
510 2515 535 2555 Et
549 2527 590 2556 cur
603 2511 674 2556 alacri
682 2512 772 2556 ”fiducia
790 2512 914 2573 animoque
930 2513 1025 2558 minime

141 2585 273 2645 perturbato
293 2598 370 2628 coram
389 2582 543 2628 tribunalibus
561 2587 582 2627 01
599 2583 737 2628 ludaeorum
753 2586 775 2628 01
791 2585 895 2642 gentium
914 2601 1026 2646 apparere

139 2657 227 2716 possint
234 2670 310 2715 neque
324 2650 426 2711 iudicum
439 2655 475 2699 vel
488 2655 674 2715 iurisperitorum
685 2655 836 2701 calliditatem
844 2656 985 2716 laqueosque
996 2657 1025 2700 ti-

139 2732 223 2783 meant,
236 2728 383 2772 declaratur:
399 2727 563 2772 destituentes
576 2727 639 2772 cobis
650 2728 675 2771 ire
689 2728 732 2773 illa
742 2727 799 2772 tere
816 2727 873 2788 qaid
885 2728 1025 2787 loqrearniai;

140 2800 157 2842 si
166 2814 201 2843 res
212 2814 270 2858 cquae
287 2799 384 2843 dicenda
400 2798 428 2843 sit
440 2799 548 2844 divinitus
562 2799 638 2853 datur,
655 2815 681 2843 eo
698 2800 853 2859 ipsoquoque
866 2800 934 2843 datur
944 2801 1025 2845 modus

140 2884 190 2913 0011
204 2870 296 2914 dicendi
312 2873 378 2930 aptus
395 2873 417 2914 et
433 2874 606 2916 consentaneus.
620 2872 675 2923 Quia
689 2885 757 2915 causa
770 2875 792 2914 et
804 2871 878 2914 honor
888 2871 928 2916 Dei
938 2874 1032 2931 agitans

141 2941 210 2985 etiam
226 2941 273 2984 eius
289 2942 443 3000 patrocinium
457 2957 504 2987 non
518 2946 550 2987 est
567 2943 703 2997 humanum,
715 2941 756 2986 sed
771 2940 887 2999 divinum3
900 2958 927 2989 v..
937 2948 964 2989 39
978 2959 1025 2988 rcere
1041 2992 1043 2997 ,

139 3013 199 3058 euim
208 3027 247 3056 cos
254 3012 307 3056 erlis
317 3014 358 3072 qui
368 3014 497 3072 loquimini,
510 3015 550 3060 sed
558 3004 659 3074 Spiritus
673 3013 752 3057 Patris
762 3014 829 3057 nestri
837 3015 878 3074 qai
889 3015 1024 3075 [equituris

140 3085 208 3140 uobis,
219 3099 255 3129 res
267 3098 312 3144 quo
325 3085 398 3141 magis
411 3085 517 3130 efferatur
531 3091 553 3130 et
565 3085 731 3145 persuadeatur
741 3084 787 3130 iam
798 3087 862 3145 quasi
872 3102 979 3147 praesens
992 3088 1023 3132 si-

140 3158 212 3215 stitur,
225 3172 270 3217 qua
286 3154 401 3200 locutione
412 3171 501 3216 quoque
515 3158 678 3202 documentum
691 3157 715 3200 in
727 3157 934 3218 universumquod
947 3160 1024 3204 valeat
