2239 3511
141 180 182 219 ttt
266 169 267 173 ¹
498 196 572 224 tiaran.
589 186 608 230 6,
619 167 656 231 ¹13.

140 287 184 324 tem
195 286 308 336 petitiones
323 298 335 324 a
347 277 438 335 sjaaq.
450 286 470 323 et
483 283 590 335 plerisque
605 282 762 333 interpretibus.
772 272 812 322 Sex
821 284 889 322 solum
899 284 1012 335 petitiones

140 350 229 402 proponi
241 350 344 389 existimat
356 337 409 389 [aas.
425 361 449 389 ea
463 349 536 389 ductus
546 349 628 388 rationo
642 348 697 399 quod
710 348 773 387 litero
785 360 820 387 nos
829 360 842 386 a
854 349 906 388 arrato
918 361 964 389 cum
976 362 1012 401 per

139 414 294 454 adversativam
305 415 474 455 coniunctionem
486 414 521 454 sed
534 414 638 467 superiori
652 415 774 454 annectatur
786 425 828 453 non
842 413 909 465 possit
922 414 1011 467 intelligi

139 490 193 519 nova
201 479 277 531 petitio
286 492 298 520 a
304 480 444 532 praecedente
454 480 541 527 diversa,
552 480 588 519 sed
598 479 674 518 debeat
684 478 724 518 diei
734 478 792 518 idem
801 491 839 531 per
849 491 895 519 eam
904 475 972 531 rogari
982 480 1011 518 af·
1027 497 1030 503 ·
1066 522 1067 526 ,
1092 484 1093 487 ’

139 545 242 585 firanative
257 545 312 597 quod
327 546 385 598 prius
397 537 493 598 rogatum
504 546 532 585 sit
540 545 647 597 negative,
659 559 669 581 a
683 555 766 596 semper
778 545 834 584 enim
846 545 868 584 in
879 544 1010 585 adversativa

87 599 89 603 ¹
139 611 231 650 secunda
245 612 362 664 propositio
378 612 453 652 asserit
466 612 594 652 contrarium
609 611 654 650 eius
668 610 724 662 quod
740 608 761 649 iri
775 611 845 662 priore
859 611 975 663 negabatur
989 605 1007 649 a.

139 675 218 716 Verum
230 676 393 718 honorationem
406 689 449 717 non
460 677 584 723 consistere,
597 689 659 729 supra
672 676 713 715 iam
724 677 842 728 expositum
851 679 888 716 est.
900 678 1008 716 Praeterea

138 750 181 784 non
190 743 221 780 est
230 741 330 782 credibile
342 742 446 783 Christum
454 743 475 782 in
484 742 578 782 oratione
588 742 640 781 adeo
648 741 715 788 brevi,
725 741 867 789 succinctam
876 743 916 792 qua
924 741 1007 792 auiplis-

138 800 215 842 simam
224 805 333 845 aratoriam
343 806 413 845 verbis
421 805 512 845 includit
521 804 662 857 paucissimis,
674 816 736 844 usum
745 816 790 844 esse
797 804 918 856 tautologia.

153 879 154 883 ¹
166 867 223 914 Quod
237 870 258 908 in
268 870 339 910 multis
351 871 412 910 codd.
426 871 490 910 etiam
501 870 556 921 apud
566 870 585 909 S.
599 870 671 921 chrys.
684 871 704 926 et
714 870 736 909 in
747 882 781 921 op.
794 870 844 922 imp.
859 873 880 910 et
892 872 914 910 ut
924 870 1006 910 videtur

136 933 192 983 apud
201 933 220 972 S.
234 935 357 986 Gregorium
365 947 422 987 nyss.
432 936 510 987 legitur
520 935 613 986 quautam
622 939 677 974 tuam
688 938 715 974 est
725 947 808 988 caparam
817 939 837 975 et
844 938 906 976 uirtus
914 942 934 976 et
940 936 1006 988 ptorr'a

137 996 167 1050 (id
179 999 236 1049 quod
245 1000 267 1040 S.
280 999 348 1040 Thoan.
361 1001 477 1053 quoque-in
487 1012 560 1053 graeco
571 1000 620 1047 addi
630 998 695 1053 dicit),
708 1000 874 1040 additamentum
884 1004 916 1041 est
924 1001 1004 1053 liturgi-

136 1075 183 1103 cum
194 1067 215 1104 et
225 1068 248 1105 ut
257 1066 298 1106 tale
308 1067 482 1107 preceptionibus
492 1066 591 1106 omnihus
604 1066 698 1117 agnitum
712 1065 745 1118 (of.
756 1066 804 1106 leot.
815 1065 876 1120 var).
890 1068 940 1106 Erat
948 1067 1004 1112 enim
1026 1085 1028 1089 ·

136 1128 158 1167 in
168 1141 209 1170 usu
218 1131 319 1182 positum,
328 1135 351 1172 at
359 1133 381 1171 in
389 1133 431 1172 fine
442 1132 541 1172 orationis
551 1132 584 1171 vel
593 1131 700 1171 concionis
709 1131 820 1172 adderetur
828 1132 930 1183 quaedam
940 1133 1003 1173 doxo-

135 1195 199 1246 logia‚
217 1197 317 1248 proptia
333 1195 428 1238 homiliis
443 1198 529 1238 Patrum
543 1198 664 1249 frequenter
679 1197 711 1246 iit,
729 1209 792 1249 quem
810 1209 871 1238 usum
887 1198 975 1250 tortasse
992 1211 1003 1238 a

135 1260 155 1299 S.
167 1261 233 1302 Paulo
247 1263 377 1313 didicerunt,
390 1264 425 1315 qui
434 1275 587 1314 nonmmquam
601 1262 735 1317 doxologiam
746 1263 833 1303 brevem
846 1264 937 1304 sermoni
947 1264 1003 1303 inse-

135 1326 169 1365 rit
181 1327 242 1379 Apud
256 1329 276 1368 S.
286 1329 340 1369 Hier.
352 1329 420 1369 solum
432 1329 510 1381 legitur
520 1341 584 1381 aaaron,
597 1331 620 1368 ut
633 1343 642 1364 «
657 1328 787 1380 signaculum
799 1328 898 1368 orationis
912 1329 1003 1369 domini·

136 1403 173 1431 cae
184 1408 202 1441 »,
215 1405 254 1444 qua
268 1406 318 1435 voce
333 1394 493 1435 consensionem
504 1396 524 1434 et
538 1395 637 1434 allectum
650 1393 675 1433 ad
688 1394 804 1434 orationem
816 1394 894 1435 factam
904 1395 1002 1446 exprimi·
1045 1444 1049 1449 ,

134 1468 191 1507 mus,
204 1459 263 1509 quasi
281 1460 374 1500 dicentes
385 1472 390 1500 ι
401 1471 458 1508 vere,
472 1460 500 1499 ita
510 1460 553 1499 fiat.
568 1459 660 1499 Additur
675 1459 756 1510 itaque,
766 1463 790 1499 ut
802 1460 893 1511 ipsemet
905 1472 965 1500 orans
980 1473 1001 1500 se

134 1523 210 1563 excitet
221 1527 241 1563 et
252 1525 310 1576 quasi
325 1526 437 1565 reflexione
447 1525 538 1576 quadam
551 1524 648 1564 affectum
659 1536 683 1564 ao
693 1524 821 1565 desiderium
830 1537 893 1566 suum
902 1526 1001 1566 omnihus

133 1588 272 1640 petitionibus
285 1591 346 1647 factis
359 1591 458 1643 adiungat
471 1589 556 1644 (Salaros
567 1591 581 1629 l.
594 1601 611 1629 c.
624 1602 645 1629 n.
658 1590 690 1629 dt),
701 1588 742 1642 ll).
756 1590 853 1631 ceterum
867 1592 904 1643 qui
916 1592 1001 1632 doxolo-

107 1652 108 1661 ’
132 1655 187 1706 giam
197 1655 254 1695 illam
265 1657 378 1708 explicant,
389 1668 435 1696 eam
448 1656 597 1709 adpetitiones
608 1655 723 1707 adiungunt
734 1657 842 1708 :tapetes
856 1669 880 1696 ea
893 1657 970 1698 donare
980 1661 1001 1698 et

131 1723 245 1771 praestare,
255 1722 356 1773 quoniam
364 1724 424 1773 tuum
431 1724 464 1762 est
472 1720 560 1774 regnum
570 1723 608 1761 etc.
616 1721 649 1761 vel
657 1721 698 1760 tria
704 1720 756 1761 haec
763 1722 856 1762 referunt
863 1723 890 1762 ad
899 1723 939 1762 tria
947 1735 1000 1779 quae

132 1787 227 1838 superius
238 1787 292 1827 diota
302 1790 356 1837 sunt,
366 1788 397 1827 ita
405 1790 428 1827 ut
436 1800 519 1839 repleam
526 1787 653 1839 respondeat
661 1787 740 1838 primae
750 1789 771 1826 et
780 1788 884 1827 secundae
895 1789 998 1839 petitioni,

131 1851 196 1891 votas
205 1853 286 1900 tertiae,
298 1853 363 1906 plorta
371 1853 457 1904 reliquis
468 1851 502 1905 (of.
512 1865 545 1903 op.
555 1855 604 1905 imp,
616 1853 637 1892 S.
651 1851 736 1905 thorat

158 1917 280 1957 Conrmunis
289 1920 310 1958 et
320 1919 397 1958 usitata
408 1918 484 1958 divisio
493 1918 595 1958 orationis
604 1917 721 1957 dominicae
731 1929 783 1969 quae
795 1919 886 1958 amultis
895 1919 999 1960 indicatur
1010 1939 1012 1947 r

130 1994 154 2022 ea
165 1985 203 2031 est,
215 1986 238 2023 ut
247 1987 289 2023 tres
299 1984 381 2035 priores
393 1984 507 2036 petitiones
518 1984 544 2023 ad
555 1984 592 2023 Dei
602 1984 681 2023 honum
692 1982 742 2036 (non
752 1983 773 2022 in
785 1995 806 2023 se
816 1984 872 2036 ipso,
884 1984 921 2024 sed
932 1985 999 2025 inno·

128 2049 193 2097 ruine,
205 2061 279 2101 regno,
291 2049 412 2090 obedientia
424 2061 461 2090 seu
471 2049 578 2090 voluntate
589 2048 714 2100 augendum,
728 2048 787 2102 Call,
798 2049 890 2101 reliquae
902 2052 999 2102 quattuor

128 2115 154 2153 ad
168 2116 264 2155 nostrum
276 2116 356 2155 honum
370 2116 464 2155 tendant.
479 2115 529 2155 illae
543 2115 615 2166 itaque
629 2117 724 2165 spectant
735 2114 837 2155 honorem
850 2115 897 2167 Dei,
912 2115 950 2156 hae
963 2129 998 2156 no-

127 2182 192 2219 stram
202 2180 324 2230 utilitatenr;
333 2181 403 2233 primo
415 2181 471 2220 eninr
482 2182 528 2220 ante
540 2180 610 2220 omnia
620 2180 752 2231 quaerendus
761 2180 822 2220 nobis
833 2182 864 2220 est
873 2180 940 2221 honor
948 2183 996 2231 Dei;

125 2245 161 2285 hic
171 2246 227 2285 enim
238 2249 270 2286 est
280 2247 328 2286 finis
337 2249 409 2286 noster
418 2246 523 2298 simulque
536 2246 622 2286 involvit
631 2245 784 2286 beatitudinem
794 2248 887 2286 nostram
898 2249 918 2287 et
928 2248 996 2287 media

97 2357 98 2360 Ἴ
125 2312 150 2351 ad
162 2312 220 2351 illam
231 2313 401 2364 consequendam
414 2312 533 2352 necessaria
545 2306 578 2352 vel
591 2313 709 2364 opportuna
720 2309 776 2364 [Lep.
792 2312 839 2352 sim.
852 2313 896 2352 llal
902 2311 934 2365 t).
946 2314 997 2353 Aliis

74 2403 76 2406 -
124 2377 204 2429 placuit
220 2379 339 2418 orationem
358 2378 450 2418 dividere
469 2379 491 2417 in
509 2378 653 2430 precationem
669 2378 774 2417 honorum
790 2380 811 2417 et
825 2378 995 2429 deprecationem

122 2444 237 2492 malorum3
249 2444 275 2483 ad
285 2444 342 2484 illam
354 2444 461 2496 pertinent
475 2446 573 2494 quattuor
582 2443 662 2494 primae
676 2442 795 2494 petitiones,
808 2442 834 2481 ad
844 2442 898 2482 hano
906 2446 949 2483 tres
962 2456 993 2484 re-

123 2509 194 2559 liquae
204 2508 241 2561 (ita
252 2509 295 2548 nlo.
306 2507 457 2561 dilapidaret.
468 2509 484 2547 A
502 2508 523 2547 in
535 2508 672 2559 explicatione
683 2519 736 2558 quae
746 2508 801 2547 horta
811 2510 915 2560 petantur,
928 2510 990 2549 etiam

121 2574 143 2613 hi
154 2587 196 2614 non
203 2574 261 2626 inter
271 2586 293 2615 se
304 2575 439 2615 conveniunt.
451 2576 477 2614 Et
486 2573 530 2613 Ala.
542 2574 628 2626 quidem
641 2574 670 2613 ait
680 2575 722 2613 tres
732 2569 810 2626 primas
823 2575 935 2627 petitiones
945 2588 990 2615 esse
1027 2606 1032 2610 <

122 2641 147 2680 de
157 2642 212 2680 trono
222 2641 340 2693 pertinente
353 2641 380 2681 ad
390 2641 456 2681 vitam
467 2640 567 2688 divinam,
579 2641 673 2691 quartam
685 2651 729 2680 esse
740 2639 765 2680 de
776 2635 910 2680 conservante
918 2653 957 2680 nos
968 2642 989 2680 in

120 2707 156 2746 illo
168 2710 188 2746 ot
199 2710 335 2748 sustentante.
349 2707 468 2748 Secundum
479 2707 499 2747 S.
511 2706 579 2746 Tlroor.
587 2706 656 2758 primo
663 2706 861 2758 petimushonorem
869 2707 933 2745 Deiin
944 2718 989 2758 pre-

120 2773 202 2813 catione
210 2773 346 2827 ,vcrrrcttficotar
354 2786 425 2814 aorrrea
433 2777 500 2823 tartara·
508 2764 556 2812 dein
564 2772 656 2825 petimus
664 2783 689 2811 ea
700 2783 754 2823 [puae
766 2772 791 2811 ad
800 2782 838 2811 nos
848 2772 960 2822 pertinent,
968 2776 989 2813 et

121 2839 213 2889 primum
221 2842 251 2880 est
259 2840 325 2892 gloria
331 2840 380 2880 Dei:
389 2839 542 2888 eavea-tereto,
552 2839 603 2879 item
612 2838 700 2878 virtutes
708 2839 729 2877 et
735 2833 811 2877 merita
818 2837 873 2877 hona
882 2849 885 2876 :
893 2837 931 2886 stat
938 2841 986 2887 eto.;

120 2904 172 2944 item
182 2905 273 2945 subsidia
282 2907 375 2946 mortalis
384 2907 438 2946 vitae
449 2918 453 2945 ε
463 2917 534 2958 param
546 2907 585 2945 etc.
596 2916 601 2944 :
613 2919 622 2940 «
633 2905 707 2943 contra
715 2903 771 2942 hona
781 2904 830 2942 sunt
839 2903 940 2954 cpuaredam
950 2904 988 2943 im-

120 2970 250 3022 pedimenta
264 2975 335 3012 contra
345 2973 437 3024 primum
451 2984 493 3011 non
509 2974 540 3010 est
549 2970 737 3022 impedimentum,
751 2968 800 3019 cuia
813 2980 896 3021 seraper
904 2972 936 3009 est
947 2970 986 3009 ho-

119 3037 227 3077 norandus
240 3037 305 3085 Deus,
316 3038 359 3077 sivo
372 3037 424 3078 veiis
434 3034 478 3078 sive
488 3037 543 3076 nolis
552 3037 635 3076 hahere.
646 3033 802 3075 Beatitudinem
812 3035 902 3086 impedit
912 3047 985 3087 pecea-

118 3105 175 3152 tum3
188 3103 236 3143 ideo
250 3103 339 3154 ditantia·
350 3103 437 3143 virtutes
452 3102 514 3142 etiam
529 3104 550 3141 et
566 3100 696 3152 operationes
710 3100 774 3140 bonas
785 3101 876 3152 impedit
887 3101 983 3149 tentatio;

119 3169 166 3209 ideo
176 3173 194 3209 et
205 3182 229 3209 ac
239 3181 274 3209 cos
283 3171 335 3217 eto.;
346 3168 422 3208 hahere
434 3167 552 3208 necessaria
560 3166 622 3205 hauns
633 3165 687 3205 vitae
698 3165 787 3218 impedit
796 3167 886 3214 malum3
896 3167 943 3206 ideo
954 3165 984 3205 di-
