2239 3511
133 193 173 234 lae
500 208 576 237 1111111.
593 198 611 244 t,
628 198 660 257 l.v

120 310 196 356 ‘reges
207 297 259 356 (Syl
275 297 304 355 .)‚
322 298 436 356 potentes,
451 311 497 340 non
512 295 606 355 proprie
619 309 684 353 reges
695 294 765 355 (Est.)
784 297 836 350 ete,
849 297 916 354 atque
931 291 1013 338 merito

131 369 185 413 dioit
204 369 268 412 Patr.
284 366 377 411 infirma
394 367 455 411 omni
471 381 497 411 ex
514 370 580 427 parte
593 369 615 410 et
629 380 686 426 pene
698 366 764 410 nulla
779 380 826 410 esse
839 380 865 409 ea
875 368 1013 422 argumenta

131 438 212 498 quibus
229 438 288 482 hene
303 438 369 483 multi
386 435 465 496 magos
483 438 551 496 regia
566 437 677 495 dignitate
691 437 826 496 conspicuos
837 436 903 481 fuisse
917 438 1012 479 eonten-

130 511 193 564 dant,
206 514 227 554 et
237 509 345 554 similiter
357 509 396 553 alii
406 524 497 569 quoque
507 509 661 565 iudicant3ol
672 509 773 563 Scirona,
787 508 831 552 Fit.

156 606 264 646 Immerito
275 608 392 657 provocant
401 605 466 658 aliqui
476 617 516 657 pro
527 605 590 645 titulo
600 605 658 657 regio
666 605 691 645 ad
703 603 869 653 Tertullianum;
880 604 910 642 ita
920 603 996 643 scribit
1005 613 1010 643 ¹,

131 685 140 706 «
152 671 177 710 de
190 670 230 711 hoo
243 671 291 711 auri
305 682 395 712 munere
406 672 470 712 etiam
479 671 548 712 David
556 670 613 712 ‚dixit
624 682 628 710 :
641 673 661 710 et
671 669 759 710 dabitur
771 669 802 709 illi
814 669 839 710 de
852 680 902 710 aura
912 668 1010 718 Arabiae,

130 736 254 776 etiterum:
267 736 433 789 reges‘hrabum
446 740 466 777 et
476 737 531 777 Saba
545 736 600 777 dona
612 738 699 776 afferent
713 736 756 785 illi;
771 736 850 792 namet
863 745 936 787 magos
950 745 1011 786 reges

129 801 172 841 lere
184 802 260 842 habuit
271 802 341 842 oriens
352 818 362 839 a
376 802 483 856 (adversus
494 803 541 842 Iud.
557 814 601 853 oap.
613 804 635 851 θ’,
647 814 664 842 e.
679 803 744 842 Mare.
759 802 818 851 3,13;
832 799 860 840 ll.
873 792 1010 852 1611339).

129 867 220 906 Proinde
232 870 255 907 ut
266 868 365 907 ostendat
373 869 436 907 verba
443 867 520 918 psalmi
531 879 587 919 repes
597 865 689 906 Arabum
697 867 772 917 aliquo
783 867 846 906 modo
858 866 922 906 etiam
933 865 956 905 in
966 877 1011 905 ma-

128 931 160 983 gis
169 942 214 971 esse
224 932 313 983 impleta
323 932 433 972 contendit
443 943 516 983 magos
527 932 550 971 in
560 943 634 983 magna
643 931 709 972 luisse
719 931 843 972 auctoritate
854 931 910 983 apud
919 931 1010 970 orienta-

127 996 165 1044 les,
178 997 206 1036 ita
217 1000 240 1037 ut
249 1008 330 1037 nomen
340 997 423 1050 regium
433 997 459 1036 iis
469 996 513 1050 fere
524 997 635 1036 conveniat
646 996 679 1037 vel
691 998 715 1036 ut
726 996 771 1049 sere
782 995 929 1036 existimentur
941 1006 1008 1047 reges.

76 1066 81 1104 ,’
128 1062 188 1102 Unde
197 1064 278 1101 textum
293 1061 355 1102 illum
369 1063 400 1102 eis
413 1063 479 1114 aptari
492 1074 556 1115 posse
569 1062 633 1102 modo
648 1062 742 1113 quodam
755 1058 847 1113 generali
860 1061 968 1113 opinatur.
980 1063 1010 1101 Ex

128 1139 168 1178 qua
178 1128 361 1179 argumentatione
371 1129 440 1179 potius
450 1128 521 1167 elucet
530 1138 567 1167 eos
577 1138 588 1166 a
599 1127 729 1167 'tertulliano
740 1127 810 1167 solum
820 1126 935 1179 improprie
947 1126 1008 1166 habi-

127 1195 160 1232 tos
171 1203 216 1232 esse
228 1204 297 1244 reges.
310 1193 347 1232 llle
361 1193 424 1244 igitur
436 1193 538 1244 opinatur
551 1193 694 1243 conditionem
708 1204 821 1244 magorum
834 1204 875 1231 non
889 1204 1009 1244 repugnare

127 1258 198 1297 verbis
210 1257 300 1309 psalmi;
312 1258 349 1299 sed
363 1257 426 1298 multi
436 1259 565 1311 interpretes
577 1269 601 1298 er
611 1257 772 1315 verbispsalmi
783 1258 870 1309 probare
881 1257 958 1297 volunt
973 1266 1008 1297 eos

127 1322 191 1363 fuisse
208 1335 275 1375 reges.
292 1323 353 1370 Quod
367 1324 522 1376 'argumentum
539 1335 583 1363 non
599 1335 641 1363 uno
655 1323 738 1363 laborat
754 1322 845 1364 delectu.
863 1323 915 1363 Nam
932 1322 1008 1374 psalmi

128 1389 152 1427 71
163 1389 226 1427 verba
236 1389 299 1440 plane
308 1389 416 1440 generalia
426 1391 475 1429 sunt
485 1400 558 1440 neque
568 1389 594 1428 ad
604 1400 670 1429 unum
683 1388 843 1439 restringuntur
856 1390 957 1429 eventum
970 1400 1008 1427 ne-

127 1464 168 1504 que
184 1453 227 1492 ulla
241 1453 297 1492 ratio
312 1454 383 1493 allerri
395 1456 466 1505 potest
477 1466 521 1504 qua
534 1454 646 1494 suadeatur
658 1455 723 1494 verba
737 1454 775 1493 illa
789 1454 886 1510 debuisse
901 1453 973 1493 statim
986 1454 1009 1492 in

126 1518 217 1569 puerulo
228 1520 276 1558 Iesu
287 1518 385 1571 impleri3
397 1518 419 1558 id
429 1520 501 1559 autem
512 1519 632 1558 necessario
643 1522 697 1563 esset
709 1519 873 1567 ostendendum,
885 1521 908 1559 ut
918 1518 968 1569 quis
979 1518 1008 1558 al-

125 1584 208 1623 firmare
219 1586 292 1636 posset
302 1595 375 1635 magos
386 1584 486 1624 debuisse
494 1596 541 1624 esse
550 1595 617 1635 reges,
628 1584 680 1624 Dein
689 1584 770 1625 suffieit
778 1584 885 1636 psalmum
894 1584 972 1637 legere,
984 1586 1008 1623 ut

125 1649 199 1689 statim·
207 1652 277 1700 pateat
287 1650 364 1689 nullibi
375 1650 400 1689 de
411 1650 502 1701 puerulo
514 1649 589 1689 blessia
599 1660 644 1690 esse
654 1661 787 1694 sermonem.
799 1651 871 1701 Neque
882 1650 940 1690 valet
951 1649 1008 1701 quod

124 1715 241 1766 generatim
254 1714 337 1754 addunt
346 1710 409 1754 verba
420 1727 445 1755 ea
456 1716 481 1754 ab
493 1714 699 1767 Euolesiausurpari
711 1715 798 1754 infesto
812 1715 950 1766 Epiphaniae.
962 1715 1007 1755 Uti-

125 1792 166 1831 que
180 1780 242 1820 verba
254 1781 311 1819 hene
325 1783 453 1831 usurpantur
465 1791 489 1819 eo
503 1780 565 1826 testo,
581 1781 631 1831 quia
643 1781 699 1833 magi
714 1782 765 1819 sunt
778 1780 886 1832 primitiae
898 1780 1004 1832 gentium,

124 1846 174 1897 quia
184 1845 205 1884 in
215 1845 241 1885 115
251 1846 436 1897 praefiguraturet
448 1845 525 1898 incipit
535 1845 630 1885 adoratio
643 1846 741 1897 gentium
752 1847 773 1885 et
784 1857 857 1885 earum
868 1846 894 1885 ad
906 1846 1005 1885 Messiam

123 1922 226 1950 aceessus.
238 1910 279 1950 Sed
291 1923 316 1950 ex
329 1910 366 1950 tali
378 1922 465 1963 usupra
478 1911 602 1951 conditione
613 1913 633 1951 et
644 1911 747 1962 dignitate
761 1922 872 1963 magorum
885 1911 940 1950 nihil
954 1923 1006 1952 eon-

123 1976 177 2016 eludi
195 1979 272 2027 potest¹
287 1977 398 2016 Praeterea
416 1978 466 2028 quot
485 1976 692 2016 acoemmodationes
710 1977 733 2016 in
751 1976 836 2029 liturgia
853 1976 1006 2023 inveniuntur?

122 2054 174 2082 num
182 2042 208 2081 Is.
220 2043 266 2091 tabl
277 2043 318 2081 ete.
331 2041 355 2081 de
365 2042 443 2082 Ioanne
453 2042 548 2093 baptista
559 2053 628 2081 sermo
639 2043 684 2081 est?
693 2054 747 2082 num
757 2043 821 2082 Maria
831 2042 907 2082 sedens
918 2042 946 2082 ad
957 2043 1005 2082 lesu

123 2107 188 2158 pedes
202 2106 294 2163 esteius
307 2109 374 2146 mater
388 2107 526 2146 beatissima?
537 2109 557 2145 et
572 2110 644 2147 tamen
657 2107 680 2146 in
693 2107 782 2158 liturgia
795 2108 847 2147 illud
860 2107 939 2159 legitur
951 2107 1005 2147 testo

123 2171 214 2220 loannis,
228 2172 268 2212 hoc
280 2171 334 2211 testo
345 2165 497 2223 assumptionis
509 2173 530 2213 b.
542 2171 633 2223 Virginis
644 2174 683 2211 eto.
696 2176 736 2212 eto.

150 2239 222 2290 Neque
236 2250 275 2290 pro
290 2238 348 2289 regia
364 2249 438 2278 eorum
450 2237 555 2289 dignitate
569 2238 630 2278 testis
643 2238 713 2278 allerri
728 2240 800 2290 potest
812 2237 834 2278 S.
849 2238 1005 2293 Eplrroemyin
1060 2272 1062 2274 ,
1099 2240 1110 2247 ’“

122 2303 199 2355 hymno
207 2303 232 2343 de
245 2303 311 2343 llaria
322 2305 342 2342 et
349 2304 416 2355 magis
425 2317 461 2345 eos
469 2307 533 2344 vocat
539 2294 645 2356 principes
653 2304 746 2344 Persidis
756 2302 804 2356 (aaz)
814 2313 872 2353 arum
880 2306 939 2357 hym.
950 2305 1005 2345 15111

122 2369 198 2421 testum
209 2369 298 2422 Epiph.;
314 2368 386 2423 Lamp,
402 2371 422 2410 S.
433 2370 540 2422 Ephraem
555 2369 628 2420 hymni
642 2372 663 2409 et
675 2381 786 2409 sermones
796 2371 804 2409 I
814 2381 835 2421 p.
848 2371 885 2409 131
899 2383 920 2409 1.
936 2368 968 2422 8);
983 2370 1005 2409 in

122 2446 218 2474 sermone
230 2437 242 2473 1
253 2435 275 2473 in
289 2435 385 2474 natalem
398 2434 486 2475 Domini
502 2435 581 2486 legitur
595 2434 681 2485 quidem
694 2435 718 2473 in
733 2435 829 2474 versione
845 2435 909 2475 latina
924 2446 929 2474 :
943 2446 1003 2487 reges

122 2511 170 2540 eum
182 2499 226 2539 suis
237 2499 307 2552 gazis,
319 2502 339 2539 at
353 2500 375 2539 in
388 2501 446 2540 textu
461 2501 543 2551 syriaco
555 2511 599 2539 non
611 2511 678 2551 reges,
690 2500 728 2540 sed
744 2508 817 2544 ablat:
831 2501 888 2553 magi
903 2500 1004 2556 dieantur

121 2565 166 2619 (Op
182 2578 222 2619 syr
239 2568 292 2606 torn.
305 2565 348 2618 hp.
360 2566 405 2612 -tll,
418 2568 498 2606 Romae
513 2564 581 2618 1710).
593 2566 659 2617 Reges
672 2565 774 2607 dicuntur
787 2578 857 2618 regem
868 2568 938 2607 Deum
951 2566 1003 2606 visi-

119 2635 174 2672 tasse
186 2632 249 2672 etiam
260 2632 283 2671 in
294 2631 378 2671 duabus
390 2631 486 2672 homiliis
498 2643 554 2683 quae
566 2631 617 2671 olim
628 2631 648 2672 S.
660 2632 775 2672 Athanasio
785 2635 806 2672 et
816 2632 837 2671 S.
849 2633 1003 2684 Chrysostomo

120 2698 307 2746 adsorbet-tantun
320 2700 341 2737 at
350 2698 405 2737 laiso
417 2696 599 2751 (effuriabuntur,
609 2696 637 2737 ll.
651 2697 736 2746 3829513
749 2698 769 2737 S.
782 2698 852 2749 Chrys.
868 2698 919 2738 edit.
933 2697 1002 2737 Mont-

119 2762 174 2802 l'uuo.
186 2765 237 2802 tom.
249 2765 262 2802 6
274 2775 296 2814 p.
309 2762 368 2816 393);
379 2763 409 2802 illi
419 2764 475 2816 magi
486 2765 530 2803 tres
540 2774 600 2814 reges
614 2775 661 2803 esse
675 2764 784 2813 dicuntur,
797 2763 825 2802 ita
838 2763 916 2815 legitur
926 2762 949 2802 in
960 2774 1003 2803 ser-

98 2832 100 2837 '
120 2839 182 2867 mone
193 2828 243 2868 olim
256 2828 277 2868 S.
293 2829 411 2880 Augustino
422 2829 539 2881 adscripto,
549 2828 571 2867 in
582 2829 631 2869 edit
642 2830 734 2870 maurin.
746 2830 799 2867 torn.
811 2829 923 2880 bappend.
936 2839 1000 2869 serm.

120 2894 168 2940 aaa
180 2892 207 2932 ll.
220 2894 319 2942 aanor&
333 2894 385 2944 etin
395 2894 434 2934 hoe
445 2906 544 2934 sermone
555 2894 591 2945 qui
603 2895 698 2935 Caesario
710 2893 823 2933 arelatensi
835 2892 896 2947 (saec.
908 2893 928 2947 6)
941 2894 1002 2934 attri-

118 2958 199 3005 buitur,
212 2962 285 2999 oenset
300 2958 360 2999 Patr.
378 2960 465 3000 tortasse
481 2961 552 3012 primo
568 2960 631 3000 'statui
646 2960 693 2999 illos
707 2970 769 3011 reges
783 2959 847 3000 tuisse
860 2972 865 2999 z
880 2976 890 2998 r
903 2960 1015 3023 tortasse,1
1066 3000 1067 3003 ,

118 3026 215 3076 inquam,
230 3027 278 3064 tum
293 3026 343 3075 quia
357 3026 420 3067 huius
436 3026 538 3067 orationis
553 3029 625 3066 auctor
641 3036 684 3065 non
699 3024 788 3066 omnino
804 3029 879 3075 certus,
891 3028 938 3066 turn
954 3026 1002 3077 quia

117 3091 169 3131 illud
184 3102 240 3143 reges
256 3094 383 3141 suspectum
401 3092 493 3133 habuere
510 3091 602 3132 hlaurini
616 3090 742 3143 virgulaque
760 3092 856 3132 censoria
872 3093 974 3132 notarunt
990 3105 1001 3127 »

118 3155 140 3209 (l.
155 3168 173 3198 o.
187 3169 208 3209 p.
225 3155 281 3210 3hl).
297 3155 411 3197 Silentium
428 3158 493 3210 igitur
510 3158 597 3198 Petrum
611 3161 703 3198 veterum
718 3157 754 3210 qui
769 3158 832 3199 toties
845 3158 871 3198 de
886 3156 955 3208 magis
969 3157 1000 3197 lo-
