2239 3511
54 201 57 205 >
111 181 149 222 150
203 230 204 233 ¹
453 184 565 231 narrat,
582 182 648 222 lai-r.
690 182 693 188 ’

60 300 62 304 ·
111 297 163 327 rum
173 282 304 342 plurimi'in
317 285 421 342 Aegypto
434 282 591 326 morabantur⁴
610 280 700 333 Messias
714 281 738 324 in
755 285 886 340 Aegyptum
904 282 992 341 proteo

111 354 196 397 tionem
208 352 311 414 appellat
320 348 345 398 Sj
359 353 437 414 Chrys,
449 354 522 398 bonae
536 352 584 413 spei
590 351 748 412 prooemium;
764 355 829 396 erant
842 352 904 396 enim
917 352 992 411 Baby-

110 423 172 467 lonia
188 426 210 468 et
225 426 342 485 Aegyptus
358 441 413 485 prae
429 424 479 470 aliis
491 423 626 482 regionibus
640 423 758 483 impietate
773 426 795 469 et
806 423 866 468 vitiis
882 423 988 480 infectae,
1024 478 1030 487 >.

110 495 210 551 Christus
227 499 303 540 autern
320 511 347 541 ex
366 497 406 541 ilia
428 497 522 554 regione
545 497 660 541 advocans
679 510 759 553 magos
782 498 804 539 et
824 496 849 539 in
864 495 925 539 hanc
941 508 990 540 sese

110 566 224 625 recipiens
245 568 348 613 declarat
370 583 393 613 se
414 569 493 613 ambas
513 569 617 626 regiones
641 567 815 612 emendaturum
836 566 990 626 omnibusque

109 639 220 696 'gentibus
230 654 277 684 esse
294 640 356 685 bona
370 640 522 701 exspectanda
538 639 598 700 (sim.
617 638 686 683 Eruli.
703 638 800 700 Tlrcopd.
818 638 899 699 quat
914 640 989 697 Atque
1014 649 1017 654 ’

109 712 213 770 Aegypto
226 710 321 771 quidem
336 713 382 757 iam
395 727 438 772 per
449 713 527 756 lsaiam
538 716 608 766 -19718
622 726 671 772 seq.
685 710 847 771 promissiones
862 710 990 754 messianae

110 782 183 826 iactae
194 786 247 827 sunt
257 786 279 828 et
288 786 386 843 quantus
396 784 542 843 postmodum
555 785 646 827 fruetus
653 782 764 828 exstiterit
777 797 846 842 quem
857 782 888 826 ad
901 781 989 825 llessiae

110 867 135 896 ea
152 852 175 896 in
192 855 287 911 regione
301 854 504 899 commorationem
520 854 583 898 haud
596 854 711 898 immerito
724 854 792 899 multi
806 855 915 908 referunt,
929 852 989 896 inter

110 923 155 967 alia
164 923 277 969 immensa
287 925 328 969 illa
337 927 528 970 anachoretarum
538 925 607 969 turba
615 924 750 981 ostenditur,
759 926 788 969 de
799 919 876 983 quaS.
891 923 970 983 Chrys.
981 937 988 966 :

110 1012 120 1035 u
135 1010 195 1039 nunc
207 999 266 1041 certe
281 997 300 1041 si
314 1011 398 1056 pergas
413 997 437 1040 in
454 997 567 1040 desertum
581 995 686 1056 Aegypti,
704 997 784 1055 quovis
799 994 907 1055 paradiso
921 1009 1000 1054 prae-⁸

107 1067 397 1128 stantioremsolitudinem
406 1068 515 1123 invenies,
527 1070 641 1112 sexcentos
651 1067 786 1124 angelorum
794 1067 875 1111 clroros
885 1067 987 1110 humana

107 1138 188 1193 forma,
203 1142 329 1197 martyrum
348 1140 454 1200 populos,
470 1143 546 1184 coetus
561 1138 687 1196 virginum,
699 1138 814 1184 Christum
825 1152 909 1195 regum
920 1153 986 1182 coru·
1030 1149 1031 1152 ’

107 1223 198 1254 scens...
211 1225 252 1268 per
262 1213 333 1255 totam
348 1210 408 1255 enim
419 1210 538 1269 regionem
552 1212 619 1255 istam
633 1210 709 1254 videre
720 1215 752 1254 est
769 1210 852 1255 Christi
864 1209 986 1253 exercitum

42 1341 45 1343 Ι
108 1280 244 1340 regiumque
255 1296 351 1340 gregem
361 1297 558 1342 supernarumque
574 1282 684 1325 virtutum
696 1283 774 1338 vitam,
786 1281 857 1341 idque
867 1296 914 1325 non
925 1281 986 1340 apud

71 1361 73 1364 '
108 1351 168 1395 viros
178 1354 265 1397 tantum
275 1353 315 1398 sed
325 1353 381 1398 etin
390 1354 498 1398 muliebri
508 1368 560 1398 sexu
571 1353 673 1413 reperies
683 1371 705 1407 a,
718 1356 741 1396 et
748 1354 772 1398 S.
782 1353 864 1397 Posch.
876 1352 969 1396 adnotat
979 1366 984 1397 z

107 1439 118 1463 u
133 1438 193 1481 quae
213 1423 253 1483 qui
279 1439 345 1469 nosse
372 1424 471 1469 voluerit
490 1426 552 1482 legat
572 1424 632 1468 Vitas
653 1427 753 1480 Patrnm,
775 1423 827 1468 satis
848 1423 985 1481 abundeque

106 1493 202 1538 clarebit
212 1494 325 1540 Christum
336 1511 382 1540 non
392 1496 432 1540 abs
444 1512 468 1540 re
479 1496 620 1541 descendisse
630 1495 654 1539 in
664 1498 794 1554 Aegyptum
802 1513 825 1540 Α».

136 1566 207 1624 Regio
228 1566 305 1626 itaque
321 1568 503 1625 alienigenarum
519 1566 544 1611 id
558 1569 658 1627 praestat
672 1568 762 1611 llessiae
780 1566 842 1626 quod
855 1566 917 1627 apud
927 1566 985 1610 'suos

104 1635 150 1680 iam
167 1652 214 1681 non
230 1638 328 1693 invenit;
352 1654 422 1698 quare
443 1639 466 1688 in
487 1654 514 1684 ea
533 1638 590 1696 fuga
610 1637 763 1698 praefigurari
786 1637 850 1681 haud
869 1638 985 1682 immerito

105 1711 210 1753 censetur
219 1709 327 1753 transitus
334 1710 448 1767 evangelii
455 1713 476 1754 et
487 1710 553 1767 regni
564 1710 601 1754 Dei
613 1709 643 1754 ad
653 1711 733 1766 gentes
741 1708 805 1768 (aad.
816 1710 871 1753 aab.
883 1708 983 1768 Thom.);
1044 1730 1047 1738 Δ

105 1793 156 1823 eam
175 1781 236 1824 eninr
255 1781 439 1839 persecutionem
457 1782 546 1826 llessiae
563 1795 608 1825 esse
624 1779 701 1830 etiam,
714 1784 739 1824 ut
760 1781 784 1825 S.
805 1779 853 1825 Hil.
870 1780 982 1839 loquitur,

104 1850 241 1895 Iudaeorum
251 1851 432 1905 insectationem,
443 1855 465 1897 et
476 1852 538 1896 cerni
547 1853 572 1896 in
581 1851 745 1909 exstinguendo
754 1867 780 1896 eo
789 1852 900 1911 profanae
909 1851 984 1911 plebis

104 1936 220 1967 assensum
231 1923 326 1967 indubie
341 1923 458 1981 colligitur
470 1939 495 1967 ex
510 1927 547 1978 23
568 1923 608 1967 ubi
621 1923 676 1967 adeo
693 1924 850 1988 significanter
857 1924 982 1967 Matthaeus

104 1997 181 2054 monet
195 2008 286 2038 omnem
304 1995 418 2039 civitatem
430 2009 481 2040 oum
500 1995 587 2039 Herode
601 2009 648 2039 esse
658 1994 777 2040 turbatam
790 1994 871 2039 nuntio
886 1995 914 2038 de
929 2009 983 2051 rege

104 2064 180 2109 liessia
196 2068 257 2110 nato.
275 2091 303 2099 -
324 2068 350 2110 In
369 2080 391 2110 v.
414 2069 440 2109 lt
461 2066 510 2125 ipsa
528 2066 664 2110 'narratione
685 2065 814 2110 declaratur
850 2063 983 2109 obedientia

103 2136 194 2195 losephi
215 2137 316 2197 perfecta
338 2140 360 2181 et
379 2137 558 2197 promptissima.
582 2137 666 2181 Eadem
686 2139 752 2181 nocte
774 2137 818 2180 iter
834 2136 980 2193 aggreditur;

104 2223 115 2247 u
132 2211 198 2251 nocte
215 2207 282 2266 fugit,
303 2211 329 2252 ut
344 2209 398 2266 iuga
414 2224 472 2268 quae
492 2224 532 2268 per
550 2224 572 2253 se
589 2207 690 2252 difficilis
708 2211 742 2252 cst
757 2207 830 2253 noctis
845 2208 982 2252 obscuritate

103 2278 281 2323 difficiliorfiatn
293 2278 325 2340 (S.
335 2279 393 2340 Bru).
405 2284 429 2324 ln
440 2296 467 2325 ea
476 2281 532 2338 fuga
540 2283 561 2324 ei
571 2280 596 2324 in
604 2271 706 2340 periculo
718 2279 777 2323 vitae
788 2282 839 2324 lesu
847 2279 982 2323 imminente

102 2354 123 2395 ct
133 2351 158 2394 in
171 2350 259 2395 itineris
269 2351 373 2397 molestia
386 2351 454 2396 beata
468 2351 535 2408 Virgo
548 2351 616 2396 etiam
630 2351 686 2395 inse
698 2351 772 2395 cernit
781 2350 888 2394 inchoari
897 2350 981 2409 imple-

102 2421 187 2465 tionem
202 2414 305 2466 vaticinii
320 2436 324 2466 :
339 2426 401 2466 tuam
418 2422 488 2480 ipsius
503 2423 604 2466 animam
619 2420 703 2466 doloris
718 2421 811 2479 gladius
824 2422 979 2481 pertransibit,

102 2495 124 2536 et
140 2492 242 2551 proiecto
258 2507 305 2537 non
321 2492 416 2536 minimo
435 2494 479 2552 ipsi
499 2496 547 2537 erat
567 2492 641 2537 dolori
661 2493 721 2552 quod
739 2493 786 2537 iam
806 2496 853 2537 tum
871 2494 981 2553 puerulus

101 2563 255 2624 quaerebatur
270 2564 299 2608 ad
314 2579 401 2609 necem
417 2568 442 2608 ln
456 2566 512 2622 fuga
525 2565 583 2609 adeo
598 2564 701 2609 celeriter
716 2568 806 2625 arrepta
821 2567 980 2625 paupertatem
1037 2568 1038 2577 ¹

99 2639 221 2695 parentum
236 2636 317 2680 Christi
334 2636 386 2681 satis
401 2637 476 2682 notari
489 2651 553 2696 posse
570 2638 629 2682 Idas.
647 2637 751 2692 advertit,
768 2637 916 2696 nequeenim
928 2642 980 2681 ante

99 2708 178 2764 fugam
195 2708 295 2752 sarcinas
312 2708 352 2752 diu
368 2708 509 2765 colligendas
529 2709 596 2753 luisse
616 2711 654 2753 aut
673 2709 794 2753 facultates
811 2708 978 2767 disponendas;

100 2777 162 2822 cerni
176 2794 267 2839 quoque
281 2780 449 2839 providentiam
464 2780 565 2825 divinam
581 2781 604 2824 in
619 2796 645 2824 eo
661 2781 724 2839 quod
741 2778 843 2824 donariis
857 2793 979 2836 magorum

100 2850 129 2893 ad
142 2850 185 2893 hoc
196 2851 299 2894 exsilium
315 2854 372 2896 Deus
384 2851 456 2896 filium
472 2866 538 2897 sunm
552 2865 603 2895 cum
620 2854 694 2895 matre
705 2854 727 2896 et
740 2850 839 2894 nutricio
850 2850 979 2894 communi-

99 2920 167 2964 visset
179 2920 262 2981 (Fau).
839 2910 840 2914 Ἰ

130 2991 244 3043 Quamdiu
257 2996 334 3038 sancta
348 2995 434 3038 familia
451 2995 474 3038 in
492 2998 595 3055 Aegypto
614 2996 754 3038 commorata
769 2995 797 3039 sit
810 2994 924 3039 incertum
935 2996 976 3038 est.

82 3099 84 3109 2
99 3063 229 3108 Sententias
239 3065 314 3108 varias
330 3066 356 3109 de
371 3066 435 3110 annis
449 3070 485 3110 ⁶2-ss
499 3067 602 3110 referunt
612 3065 694 3124 partim
709 3065 781 3110 Matri.
797 3066 881 3125 partim
892 3066 978 3110 Suarcz

75 3194 77 3196 Ι
98 3136 121 3178 in
133 3139 145 3178 3
155 3149 179 3189 p.
195 3150 217 3192 q.
229 3139 257 3179 37
268 3134 326 3191 disp.
340 3141 366 3180 17
378 3151 395 3181 s.
411 3140 435 3185 2;
449 3138 473 3180 in
483 3137 514 3192 ql.
526 3136 574 3181 ord.
586 3139 671 3195 septem
687 3137 742 3181 anni
755 3139 895 3191 statuuntur3
907 3149 978 3195 quare
