2211 3575
453 238 531 271 uarro.
547 230 566 277 a,
582 228 615 268 48.
672 220 676 224 ”
931 222 971 263 299

99 330 242 376 inimieorum
264 331 326 377 hisce
344 331 486 377 concluditur
504 345 508 377 :
529 331 597 376 estote
616 343 671 387 ergo
690 322 859 379 misericordes,
877 320 934 367 sieut
951 321 974 364 et

57 453 59 457 Α
99 405 164 447 Pater
178 407 253 448 vester
267 403 394 449 misericors
411 405 444 448 est
457 403 495 460 (cf.
507 400 598 460 illata),
618 413 687 459 quare
701 399 770 443 etiam
780 398 804 443 S.
819 396 878 456 Aaq.
891 393 919 438 ad
932 406 974 436 no-

100 476 170 519 strum
179 475 257 520 locum
266 472 349 519 ,scribit
359 488 364 519 ε
376 491 387 514 η
397 473 509 533 perfectio
521 474 596 516 autem
608 469 777 514 misericordiae
789 484 835 549 qua
847 466 974 547 plurimum

100 547 187 590 animae
203 545 319 590 laboranti
333 545 430 590 consulit
421 548 459 589 tur
477 544 512 588 ult
503 546 540 588 tra
557 541 701 587 dilectionem
717 539 807 583 inimici
822 537 909 598 porrigi
926 550 974 580 non

76 620 138 676 po
139 619 180 671 cs
193 617 305 662 ideo
289 631 321 661 sic
331 616 415 662 claudi
406 620 459 661 ur
471 619 523 660 esto
525 617 612 671 eergo
623 626 662 658 vos
675 611 839 691 perfectiet.;c
854 610 886 653 ita
862 611 974 653 tatamen
998 605 1000 608 ’

100 703 115 731 η
117 689 205 732 Deus
199 691 234 733 m
236 688 316 747 lhga
317 703 344 732 ur
353 688 437 748 perfec
439 701 464 731 us
476 690 595 746 tamquam
611 685 705 729 Deuset
716 697 794 728 anima
804 691 845 741 per
845 682 905 725 ftaee
891 682 975 745 atam-

100 774 168 819 quam
188 761 266 805 anima
283 772 306 812 »ε
325 760 445 804 circaeam
464 758 513 802 scil,
531 756 702 812 similitudinem
723 753 823 799 declarat
814 756 896 812 tquae
914 751 975 794 inter

101 833 208 875 Deumet
223 794 343 875 homiriem
359 844 404 875 esse
418 831 500 891 possit
519 831 588 889 prout
579 828 675 872 Chris
677 840 702 871 us
716 840 809 885 quoque
822 826 880 879 orat,
894 824 975 866 utnos

101 901 169 945 simus
179 916 263 957 uuum,
277 903 334 946 sicut
345 902 393 962 ipse
403 900 453 946 eum
464 904 531 946 Patre
547 914 617 959 riuum
629 899 657 943 sit
667 898 739 957 (toan.
756 894 832 955 1731)
842 908 910 955 quam
922 891 974 936 uni-

100 975 169 1022 tatem
186 973 274 1017 imitari
292 974 368 1033 aliqua
383 974 469 1018 ratione
483 986 614 1032 possumus3
636 989 647 1013 η
663 969 773 1029 proponit
789 967 854 1012 nobis
874 965 975 1010 Christus

101 1044 231 1101 signumad
246 1044 469 1112 collimandumqquo
485 1044 527 1087 scit
541 1051 582 1087 nos
598 1040 718 1101 pervenire
734 1054 780 1083 non
795 1053 869 1098 posse,
887 1039 912 1080 ut
928 1049 973 1095 quo

100 1129 218 1174 possumus
233 1116 403 1174 perveniamus3
419 1128 466 1158 non
481 1113 532 1158 vult
522 1116 588 1157 tnos
603 1127 628 1156 eo
643 1125 715 1171 usque
732 1109 855 1169 progredi,
871 1107 910 1153 sed
927 1120 974 1151 non

101 1189 159 1230 stare
171 1204 181 1227 η
200 1186 301 1245 (Μαίη.)
316 1185 358 1229 Alt'
343 1186 451 1230 tissimam
467 1185 530 1229 enim
545 1185 628 1235 metam
640 1182 706 1226 nobis
717 1180 866 1241 praefigitu
852 1183 917 1224 utne
929 1192 974 1222 uu-

31 1285 33 1289 .
102 1268 170 1312 quam
186 1267 352 1298 cessemusnos
368 1252 450 1297 adt
412 1253 528 1298 anteriora
544 1253 700 1298 extendereet
716 1251 852 1314 perfectiora
867 1248 975 1310 prosequi
1026 1269 1028 1271 >

102 1340 158 1368 neve
170 1329 277 1384 putemus
287 1324 448 1384 quiescendum
459 1337 506 1368 esse
514 1339 616 1383 uuquam
626 1339 640 1368 a
648 1323 722 1368 studio
733 1325 756 1367 et
766 1324 848 1367 conatu
858 1319 975 1380 amplioris

96 1393 192 1439 virtutis.
202 1394 251 1439 Tali
260 1395 346 1454 quippe
355 1394 456 1455 exemplo
465 1395 585 1454 proposito
596 1396 618 1437 et
627 1393 735 1438 continuo
743 1392 773 1437 ad
781 1392 893 1436 maiorem
900 1389 978 1434 imita-

95 1465 180 1509 tionem
193 1466 319 1510 excitemur
333 1467 422 1526 oportet
432 1468 454 1509 et
467 1480 481 1509 a
495 1479 555 1509 vana
565 1466 592 1509 de
603 1465 678 1522 nobis
682 1465 830 1524 persuasione
840 1460 976 1507 immodica-

88 1550 140 1595 ‘que
151 1536 225 1582 nostri
233 1536 336 1597 ipsorum
346 1536 501 1581 aestimatione
514 1535 635 1581 efficaciter
646 1535 807 1595 retinemuret
819 1533 975 1586 defendimur;

64 1612 66 1615 ’
96 1607 124 1650 cf.
135 1611 198 1653 Deut.
213 1611 281 1663 18‚13
291 1609 404 1667 perfectus
414 1608 457 1651 eris
468 1611 491 1651 et
501 1606 588 1666 absque
599 1607 689 1661 macula
699 1620 753 1652 cum
763 1605 858 1650 Domino
868 1609 912 1649 Deo
924 1608 973 1648 τηο.

129 1679 246 1720 Praeterea
254 1677 297 1720 hac
304 1676 457 1720 admonitione
466 1676 571 1732 generali
578 1675 607 1719 ad
614 1674 778 1734 perfectionem
786 1674 969 1735 prosequendam

100 1747 183 1805 optime
192 1747 319 1791 absolvitur
324 1749 370 1790 tota
377 1747 445 1790 series
452 1746 640 1790 documentorum
649 1747 732 1806 quibus
740 1747 840 1790 Christus
847 1745 970 1803 perfectam

100 1817 156 1875 legis
171 1818 263 1862 divinae
278 1817 433 1877 impletionem
448 1817 515 1861 uobis
533 1817 640 1870 ostendit3
657 1817 794 1876 exprimitur
808 1816 868 1861 enim
881 1816 906 1860 in
918 1817 970 1874 lege
985 1821 986 1824 ’

100 1889 201 1934 voluntas
212 1889 263 1943 Dei,
281 1889 366 1933 relucet
377 1889 401 1933 in
412 1904 438 1933 ea
449 1888 558 1933 sanctitas
569 1888 619 1944 Dei;
634 1888 695 1943 unde
705 1903 733 1933 ea
746 1888 812 1933 nobis
822 1888 922 1949 aperitur
933 1887 971 1932 via

100 1960 130 2004 ad
143 1959 244 2005 divinam
256 1960 280 2003 iu
293 1959 358 2004 nobis
367 1960 532 2004 efformandam
545 1960 725 2005 similitudinem.
742 1962 814 2020 Atque
823 1960 914 2020 iusuper
926 1960 970 2004 hae

101 2031 253 2075 admonitione
270 2031 383 2090 aptissime
401 2031 510 2076 sternitur
525 2031 563 2075 via
578 2031 648 2111 fitque
666 2031 770 2080 transitio
789 2030 819 2076 ad
836 2031 971 2076 documenta

100 2106 192 2162 sequen
193 2118 215 2146 ra
221 2102 321 2161 quibus
332 2102 439 2146 docemur
451 2117 497 2162 quo
509 2117 585 2147 ammo
597 2117 645 2162 ipsa
656 2106 716 2146 mr
702 2106 747 2147 rs
757 2106 819 2162 pie
820 2105 893 2163 isque
902 2117 971 2162 opera
1000 2125 1002 2135 ι

100 2175 243 2233 actionesque
261 2187 301 2217 nos
318 2174 393 2218 subire
416 2176 531 2253 oporttea
553 2177 620 2233 atque
637 2175 736 2219 simalt
738 2177 792 2218 anta
811 2174 971 2219 admonitionis

100 2244 224 2289 sublimitat
192 2248 270 2288 ttee
261 2245 395 2288 tt'exoellen
380 2247 411 2289 tia
421 2244 491 2288 animi
508 2245 612 2300 generosi
624 2259 687 2288 sacra
702 2244 803 2303 quadam
819 2246 970 2289 aemulatione

99 2315 223 2360 incendunt
225 2318 284 2359 uret
293 2329 381 2359 summa
385 2315 532 2430 perfundunt
534 2330 561 2358 ur
574 2315 676 2359 alacritt
645 2318 676 2359 tta
678 2330 699 2369 e
712 2331 728 2359 η
729 2315 837 2359 tDomiui
848 2318 971 2376 praecepta

100 2387 181 2448 quibus
192 2385 266 2431 illa
244 2388 305 2430 vir
307 2388 335 2430 is
347 2401 387 2447 per
389 2387 421 2430 ec
423 2389 453 2430 10
423 2386 566 2430 contine
569 2389 627 2430 uret
617 2386 705 2431 tavide
719 2387 859 2431 hauriantet
850 2387 970 2459 tstudiose

36 2481 40 2486 ·
77 2479 79 2489 =
100 2458 172 2502 ad't
141 2461 172 2502 v1t
174 2474 198 2503 ae
208 2457 309 2502 rationes
320 2456 507 2518 componendast
497 2458 643 2503 transferant

125 2584 181 2623 Bene
191 2582 244 2623 dicit
256 2583 285 2634 qt.
302 2583 346 2623 ord.
358 2595 366 2625 :
381 2597 390 2620 η
405 2583 503 2624 cumulus
515 2584 651 2635 perfeetionis
665 2584 753 2637 diligere
766 2585 829 2625 etiam
842 2585 939 2626 inimicos
950 2588 971 2626 et

99 2660 158 2689 orare
171 2660 208 2701 pro
220 2647 274 2698 illis,
286 2648 342 2702 sicut
352 2650 372 2690 et
383 2649 476 2690 Christus
491 2649 542 2690 fecit
557 2665 574 2689 a.
590 2649 669 2696 Quibus
682 2652 755 2690 autem
767 2650 865 2703 gradibus
875 2652 900 2691 ad
914 2652 981 2693 istud‘
1000 2639 1001 2642 Ἴ

98 2714 181 2755 virtutis
195 2713 280 2755 culmen
297 2711 329 2766 (εἰς
343 2712 396 2761 αὐτὴν
409 2713 441 2762 τὴν
454 2714 533 2767 κορυφὴν
547 2717 577 2762 τῆς
590 2714 660 2768 ἀρετῆς)
674 2714 832 2756 ascendendum
846 2716 907 2756 nohis
924 2728 971 2758 esse

99 2781 192 2821 Christus
206 2780 291 2828 doceat,
303 2778 360 2819 huuc
372 2779 393 2818 in
407 2779 496 2820 modum
506 2781 528 2821 S.
542 2781 613 2833 Cltrps.
625 2780 718 2832 colligit:
732 2780 836 2832 «primus
847 2782 923 2834 gradus
939 2785 972 2824 est

98 2858 140 2886 nou
155 2846 232 2885 inferre
246 2844 356 2894 iniuriam;
373 2845 486 2893 secundus⁷
503 2845 540 2885 uhi
555 2846 638 2897 incepta
652 2847 684 2885 est
698 2845 782 2896 iniuria,
794 2858 837 2887 non
851 2847 909 2888 illam
924 2849 970 2901 pari

67 2912 68 2915 ’
98 2911 142 2950 vice
153 2910 236 2958 uleisei;
249 2910 325 2950 tertius
335 2922 376 2951 nou
388 2910 464 2950 inferre
476 2910 498 2949 in
510 2909 629 2950 laedentem
643 2910 736 2963 idipsum
746 2912 804 2963 quod
814 2924 888 2964 passus
899 2925 920 2954 es
934 2915 971 2955 sed

99 2976 216 3028 quiescere;
229 2978 319 3025 quartus
330 2988 351 3016 se
362 2976 431 3028 ipsum
443 2975 519 3016 offerre
528 2976 554 3015 ad
563 2976 616 3016 male
626 2976 761 3028 patiendum;
773 2977 859 3030 quintus
869 2980 929 3032 plura
939 2979 971 3019 illi
983 2994 985 3000 ε

100 3040 198 3094 praebere
208 3050 272 3091 quam
283 3040 329 3091 ipse
339 3041 389 3082 velit
399 3042 436 3094 qui
446 3041 526 3082 malum
537 3041 617 3091 intulit;
629 3044 698 3083 sextus
710 3055 752 3083 non
764 3044 813 3083 odio
823 3044 900 3085 habere
910 3045 970 3087 illum

99 3107 134 3158 qui
147 3106 196 3147 talia
209 3105 286 3156 egerit;
299 3107 401 3157 septimus
412 3108 482 3159 ipsum
495 3107 558 3148 etiam
569 3107 665 3160 diligere;
679 3111 766 3150 octavus
780 3110 821 3163 ipsi
833 3110 969 3159 benefacere,

99 3184 164 3213 nonus
170 3173 239 3212 Deum
247 3170 311 3210 etiam
320 3182 358 3222 pro
365 3172 411 3223 ipso
419 3174 507 3225 precari.
516 3173 621 3228 Vidistine
630 3174 777 3228 philosophiae
786 3176 870 3216 culmen
880 3174 937 3229 (ὕψος)
947 3175 971 3213 a?
