2239 3511
58 234 60 237 ,
120 208 165 248 ,602
339 238 340 241 ,
460 205 535 235 uarru.
552 196 583 241 13,
600 193 666 233 lit-50.

125 307 221 351 regnam
230 294 344 338 coelorum
354 308 449 353 capenae
458 294 474 338 i.
484 309 504 338 e.
515 293 649 347 everriculo,
659 292 724 352 quod
730 292 785 336 retis
796 294 828 337 est
837 304 917 348 genus,
929 302 995 332 omne
1049 328 1051 330 ,

126 378 199 421 genus
209 364 306 423 piscium
321 379 405 424 nempe
415 364 526 424 quidquid
541 367 574 409 est
588 364 679 408 obvium
693 377 771 415 secum
785 362 878 407 trahens
892 358 996 420 (Lanam)

126 435 208 479 arcissae
218 435 243 478 in
255 449 331 490 uzare;
344 435 373 479 ad
386 436 494 495 apostolos
508 436 606 479 Christus
616 435 661 479 iani
673 434 761 478 dixerat
778 450 783 478 :
799 434 881 479 faciam
895 445 933 475 vos
947 429 998 473 fieri

125 506 248 563 piscatores
256 506 376 550 hominum
387 507 455 561 (t‚19.
463 510 528 550 llaro.
540 511 600 559 1‚17.
610 509 662 553 Luc.
671 505 743 565 5‚10).
754 504 894 562 llareigitur
902 503 926 545 in
937 499 998 560 quod

125 579 173 620 rete
183 577 332 636 apostolicum
341 577 423 621 iacitur
437 581 470 622 est
483 577 589 635 mundus.
604 579 631 622 nt
645 577 757 621 mundum
771 580 824 636 apte
839 575 897 619 mari
908 586 998 630 compa-

125 648 183 701 rari,
196 647 229 691 ita
242 649 265 693 S.
283 648 434 708 Clnpsoloqns
447 649 570 708 proponit:
586 649 639 693 «ad
652 648 721 692 liuius
731 648 816 692 saeculi
831 660 894 690 mare
910 647 998 688 tumens

126 732 223 777 pompa,
235 719 319 762 elatum
327 719 421 775 vertice7
432 719 543 765 undosum
553 720 629 775 sectis,'
639 720 730 764 inscitia
740 720 864 772 fluctuans3
876 717 999 760 clamosum

127 788 216 842 litibus,
225 789 324 834 tremens
332 791 377 842 ira,
389 806 481 835 saevum
489 791 596 850 perfidia,
608 785 707 851 peccatis
719 791 871 848 naufragum,
882 786 998 846 impietate

128 859 259 904 demersum
275 861 336 906 misit
349 852 470 921 piscatores
485 876 535 905 suos
552 861 650 906 Christus
666 881 675 901 »
696 862 772 921 (serm.
791 866 830 915 a73
845 860 877 904 M.
895 855 995 915 aaz-332).

128 931 266 993 Evangelica
277 933 354 990 itaque
364 931 502 990 praedicatio
512 932 579 976 missa
592 932 615 975 in
625 932 683 975 mari
693 931 762 976 huius
775 931 856 975 mundi
866 931 934 989 pleno
943 931 999 971 teni-

128 1000 264 1060 pestatihus,
274 998 421 1046 instabilitate
429 1017 455 1047 ac
463 1004 534 1046 multa
541 1002 693 1047 amaritudine
702 1002 783 1062 (laris.)
794 1003 868 1061 capiet
877 1005 900 1044 et
909 997 1000 1055 colliget

129 1087 155 1115 ex
166 1074 229 1116 omni
238 1087 323 1130 genere
333 1074 452 1124 hominum
461 1088 570 1131 magnam
579 1073 756 1118 multitudinem.
772 1073 897 1132 Capiuntur
902 1070 927 1114 in
937 1068 1000 1127 aquis

129 1143 271 1202 baptismatis
285 1144 355 1204 (Brulg
371 1145 515 1200 hancautem
529 1159 636 1202 sagenam
645 1147 699 1188 tunc
714 1145 738 1188 in
750 1159 813 1188 niara
823 1142 929 1188 Dominus
942 1139 1001 1184 misit

74 1209 76 1211 ’
130 1213 223 1274 quando
233 1214 350 1274 discipulis
362 1215 479 1275 praecepit
494 1231 499 1258 ε
512 1216 555 1271 ite,
572 1216 650 1260 docete
661 1230 739 1260 omnes
754 1218 835 1277 gentes
847 1211 918 1273 (Br·.];
932 1216 953 1255 et
963 1214 1000 1254 Ec-

130 1284 199 1328 clesia
208 1285 232 1328 in
242 1285 294 1330 sinu
306 1301 346 1330 suo
360 1286 446 1343 colligit
458 1302 484 1331 ex
496 1287 559 1331 omni
573 1301 656 1344 genere
667 1290 689 1331 et
699 1290 779 1344 geute,
794 1286 871 1329 doctos
885 1287 906 1328 et
917 1281 1001 1326 barba-

131 1369 178 1411 ros,
200 1354 282 1400 divites
298 1359 320 1400 et
335 1371 459 1416 pauperes,
475 1359 544 1402 iustos
555 1362 581 1401 et
597 1360 733 1417 peccatores.
752 1360 811 1400 llaec
827 1358 902 1400 autem
918 1366 1002 1410 sagena

132 1426 212 1484 (quani
222 1426 350 1471 doctrinam
364 1428 516 1487 apostolorum
527 1444 553 1473 ex
569 1429 684 1473 miraculis
698 1433 720 1472 et
729 1428 865 1471 testimoniis
878 1425 1001 1485 proplieta-

131 1511 183 1540 rum
194 1511 318 1542 connexam
333 1501 355 1541 et
365 1502 490 1543 contextam
505 1498 676 1559 receptrice.
691 1496 881 1558 interpretantur)
896 1498 948 1564 tunc
959 1494 1001 1537 iin-

130 1567 192 1627 pleta
204 1567 250 1623 est,
265 1584 318 1612 cum
331 1570 354 1612 in
370 1569 416 1613 fine
433 1585 472 1613 suo
488 1570 583 1613 humani
599 1571 689 1626 generis
705 1583 796 1614 summa
810 1566 960 1619 concluditur,
977 1567 1002 1607 ut

131 1639 148 1682 S
151 1673 155 1682 .
169 1639 292 1698 Gregorius
302 1639 367 1695 dicit3
378 1640 471 1699 impleta
481 1641 524 1684 erit
533 1640 624 1700 quando
636 1640 779 1700 plenitudine
788 1639 891 1697 gentium
900 1637 1003 1693 ingressa
1031 1673 1033 1676 ,

132 1709 199 1753 etiarn
210 1711 278 1758 lsrael
288 1710 362 1755 salvus
370 1710 413 1754 erit
420 1710 491 1770 (Rom.
507 1716 581 1764 1135.
592 1711 638 1770 26).
647 1715 694 1755 Non
703 1712 782 1770 utique
791 1708 1001 1761 omnesintrabunt,

131 1783 156 1823 ut
169 1782 223 1824 Bar.
235 1785 322 1836 monet,
333 1781 358 1825 id
368 1782 429 1840 qumi
439 1783 487 1841 ipsa
493 1782 603 1841 parabola
610 1783 706 1827 indicari
718 1782 817 1836 videtur,
826 1782 879 1840 quia
886 1781 910 1823 in
920 1791 1004 1837 sagena

132 1852 202 1895 etiam
212 1866 258 1895 non
269 1867 347 1897 omues
356 1852 427 1911 pisces
438 1852 564 1911 capiuntur.
576 1852 668 1904 Quando
677 1856 753 1908 autem
764 1867 849 1910 sagena
858 1850 952 1909 impleta
962 1852 1001 1901 est,

72 1963 73 1966 ,
133 1921 226 1980 quando
237 1923 382 1979 evangelium
390 1922 418 1978 in
429 1924 531 1967 universo
543 1923 596 1968 orhe
609 1923 765 1983 praedicatum
774 1923 838 1966 estin
851 1915 1008 1965 testimonium

132 1992 239 2036 omnibus
246 1993 352 2051 gentihus
359 1992 441 2052 (llattli.
453 1994 538 2052 aad),
549 1997 602 2038 tunc
611 1994 727 2039 educentes
736 2002 827 2037 etseras
835 1990 1004 2037 littccssedentes

132 2063 250 2122 cleperunt
259 2062 327 2108 boreos
339 2064 364 2107 ria
379 2078 444 2119 casa,
459 2065 530 2109 oculos
541 2073 616 2108 uectem
628 2067 691 2124 foras
701 2064 824 2118 miserunt;
835 2064 860 2107 in
873 2060 1004 2118 evangelico

132 2135 176 2177 reti
184 2135 263 2193 itaque
275 2134 361 2178 boniet
372 2136 426 2178 rnali
438 2130 526 2193 (σαπρά,
541 2135 641 2194 putrida)
652 2135 792 2180 coniunctim
803 2134 885 2178 adsunt
896 2132 925 2176 ad
936 2132 1004 2174 tinem

131 2205 253 2263 tenrporis3
264 2206 376 2264 separatio
386 2205 498 2249 bonorum
510 2209 532 2250 et
542 2206 654 2250 malorum
665 2221 711 2250 non
718 2207 745 2250 fit
754 2206 798 2250 nisi
808 2204 900 2264 quando
908 2215 1005 2260 regnum

132 2276 271 2319 messianum
281 2283 382 2320 terrestre
392 2276 491 2321 finietur.
503 2278 538 2321 Uti
548 2277 667 2337 piscatores
678 2278 703 2321 in
716 2277 790 2321 littore
799 2278 928 2328 secernunt,
940 2275 972 2316 ita
980 2272 1005 2315 in

132 2346 182 2390 loco
190 2346 271 2390 iudicii
278 2347 412 2391 universalis
419 2347 460 2391 illa
469 2348 508 2391 fiet
517 2350 628 2406 separatio
637 2348 743 2392 omnibus
753 2348 876 2406 conspicua
886 2346 923 2405 [cl.
934 2343 1003 2388 Erilli.

84 2448 86 2450 >
133 2417 205 2461 Salm.
220 2416 300 2476 local,
315 2432 369 2461 nani
381 2433 403 2461 r.
419 2422 446 2462 tt)
460 2419 490 2462 sic
503 2420 545 2463 crit
559 2418 786 2462 inconsummatam
799 2416 896 2468 coerciti,
914 2414 1006 2459 eribant

133 2487 211 2546 angeli
220 2495 241 2530 ct
253 2486 392 2546 separabant
400 2488 472 2532 mulos
482 2488 508 2534 dc
519 2488 592 2532 eiectio
606 2489 728 2544 iccstcrunc;
739 2488 768 2548 ct.
780 2503 802 2531 v.
815 2492 895 2539 39-t23
907 2486 940 2529 uti
952 2485 1005 2528 boni

132 2558 206 2617 pisces
218 2558 242 2601 in
252 2573 315 2610 vasa,
328 2559 360 2601 ita
372 2559 424 2602 iusti
436 2559 573 2616 colligentur
588 2560 613 2603 in
625 2562 717 2604 aeterna
731 2559 880 2603 tabernacula
886 2570 892 2613 ‚‘
906 2558 931 2601 in
941 2571 1006 2601 nian-

132 2628 205 2673 siones
219 2628 331 2677 coelestes.
344 2628 412 2673 llalos
422 2632 497 2673 autem
507 2624 596 2674 incitent
605 2630 630 2674 in
640 2631 757 2674 cecinnam
766 2628 838 2689 ipius,
850 2629 881 2673 toz·
891 2629 933 2673 erit
939 2628 1007 2686 steten

110 2760 111 2765 Ἰ
133 2707 154 2743 et
166 2698 249 2743 stridor
260 2699 378 2757 cicatricum·
393 2718 403 2740 u
415 2715 444 2743 ne
458 2702 519 2744 enim
533 2704 652 2761 postquam
663 2701 744 2745 audisti
760 2700 832 2744 malos
847 2702 930 2744 eiectos
939 2699 1007 2742 fuisse

110 2768 111 2813 J
132 2770 191 2814 ieras
206 2770 254 2814 sine
269 2770 371 2830 periculo
381 2785 430 2814 rem
443 2786 489 2815 csse
503 2775 604 2831 putares,
618 2772 805 2831 interpretatione
821 2785 861 2815 sua
871 2769 1008 2828 supplicium

133 2840 211 2883 extulit
234 2840 353 2884 stridorem
378 2841 480 2885 dentium
506 2857 633 2886 memorans
658 2842 847 2900 ineffabilemque
874 2839 976 2883 dolorem
995 2859 1006 2881 n

132 2910 166 2970 (S.
181 2909 281 2968 Chrys).
293 2914 352 2955 Bene
362 2915 416 2956 nota
429 2912 515 2971 quoties
529 2913 629 2957 Christus
639 2927 768 2957 sermonem
783 2911 866 2955 inferat
879 2911 906 2954 de
917 2915 1008 2955 aeterno

130 2979 243 3039 supplicio
254 2978 316 3037 (539
328 2996 373 3039 seq.
385 2987 448 3036 &123
460 2987 536 3038 10,28;
550 2988 627 3039 12,32;
641 2989 716 3038 13,t2.
731 2983 781 3040 50);
794 2981 875 3041 dequo
887 2982 1008 3026 dicendum

131 3065 182 3095 cnm
195 3051 219 3096 S.
236 3051 304 3109 Greq.
324 3065 331 3093 :
347 3068 357 3090 «
375 3052 418 3095 hoc
431 3054 487 3107 iam,
504 3054 584 3097 tratres
600 3054 721 3106 carissimi,
739 3052 868 3096 timendum
883 3056 916 3097 est
933 3055 1009 3113 potius

130 3136 200 3181 quam
220 3120 390 3181 exponendum
413 3127 490 3180 aperta
507 3125 567 3168 euim
583 3139 637 3167 voce
655 3127 769 3167 tormenta
787 3125 932 3183 peccantium
949 3124 1009 3169 dicta
