2211 3575
461 216 548 262 v'inme
564 221 584 271 o,
598 222 621 260 1:
941 225 982 264 ael

109 320 190 382 petitus
204 322 280 368 laudis
296 316 417 369 humanae.
437 328 510 376 Qaiare
522 322 641 378 Christum,
650 324 675 367 ut
684 324 709 368 S.
721 321 801 382 Uirgo.
819 321 862 377 ait,
880 319 983 364 omnium

42 454 44 457 y
109 393 203 439 marimo
219 397 364 454 tyrannicum
380 390 425 441 iam
443 396 546 440 eliminat
561 394 633 439 animi
648 395 765 451 morbum,
783 394 873 438 rabiem
883 392 946 436 illam
960 393 982 433 et

108 466 207 512 furorem
223 468 284 512 eirea
299 480 381 511 vanam
402 467 500 525 gloriam
521 479 578 526 quae
596 466 702 510 homines
716 465 784 509 etiam
799 466 872 524 probe
887 466 980 522 agentes

107 537 200 582 invadit.
212 540 239 582 Et
252 553 305 582 oum
315 537 357 583 ista
366 538 436 598 pestis
448 537 514 597 gigni
526 538 606 592 soleat,
621 537 743 596 postquam
753 540 879 597 praecepta
886 535 979 593 egregie

107 608 262 667 implevimus,
276 614 325 655 earn
340 611 429 656 auferre
439 610 521 655 nititur
531 609 673 668 documentis
688 609 715 653 de
724 608 792 652 variis
803 608 923 652 virtutibus
931 611 978 651 tra·
1047 622 1052 633 ·

38 670 40 673 ’
83 678 84 682 ’
108 678 166 726 ditis.
183 681 246 726 Unde
265 686 353 737 monet,
371 696 401 726 ne
415 683 465 742 ipse
485 678 594 726 vidulum
610 681 700 725 fruetus
712 680 829 724 inficiatur
849 682 870 723 et
888 681 977 739 pereat,

106 764 127 796 v.
141 756 151 795 1
167 753 286 811 (attendite,
305 754 320 799 i.
340 769 359 799 e.
374 756 479 799 mentem·
493 753 617 811 diligenter
630 752 749 797 ae'sodulo
761 751 885 807 advertite,
901 750 978 795 velut

106 823 129 867 S.
146 825 205 883 Any*
223 824 304 870 Pusula.
324 825 413 884 legunt,
433 833 517 879 coorto,
534 828 581 870 tota
595 826 673 869 mente
686 823 789 882 vigilate,
814 841 826 865 u
843 824 901 867 olam
916 822 977 866 enim

105 893 234 951 ingreditur
247 897 297 941 fera
309 899 331 941 et
344 898 420 943 omnia
433 897 483 942 sine
495 897 589 956 strepitu
601 897 668 941 inflat
678 899 745 956 atque
755 895 835 941 omnia
845 909 902 954 quae
915 893 976 937 intra

105 964 138 1009 nil
147 967 283 1013 sentientem
293 973 344 1014 sunt
353 969 427 1017 aritert
438 988 448 1009 u
468 970 501 1030 (S.
514 968 614 1029 olipa),
631 971 665 1013 est
674 969 762 1028 ,quippe
774 987 785 1009 a
798 966 918 1011 invisibilis
928 980 975 1010 ser-

105 1051 159 1097 pens
167 1041 189 1083 et
196 1038 298 1085 lubricus
308 1042 506 1100 quemobservare
515 1042 632 1094 iubemur,
645 1043 667 1084 et
675 1041 771 1084 latenter
778 1040 804 1082 in
812 1052 890 1083 sensns
898 1039 974 1095 ingre-

105 1107 166 1154 ditur
182 1114 203 1155 et
216 1110 305 1156 seducit
321 1130 332 1153 u
349 1113 393 1172 (op.
411 1113 468 1171 imp.
488 1112 536 1156 sim.
554 1111 625 1155 Eutb.
648 1111 743 1170 i'reopla
762 1112 823 1154 lens.
840 1109 928 1169 Sylo.);
945 1125 973 1154 ue

67 1234 68 1239 ,
104 1180 211 1226 iustitium
220 1190 319 1227 oestrum
331 1183 423 1242 foetoris
433 1196 509 1227 eorum
525 1181 665 1236 leouziuz'bus,
681 1190 706 1225 ut
714 1180 839 1231 oicteemiui
849 1182 876 1224 ob
884 1180 914 1224 eis
924 1181 939 1224 i.
952 1197 972 1225 e.

105 1267 174 1312 opera
191 1253 301 1310 iustitiae,
322 1269 390 1315 opera
407 1254 479 1309 bona,
500 1255 599 1298 actiones
611 1253 733 1308 virtutum
747 1267 795 1296 non
811 1252 971 1312 reprehendit,

104 1323 122 1371 si
136 1323 192 1369 fiunt
207 1339 287 1370 eoram
301 1326 443 1382 hominibus;
464 1340 532 1386 supra
548 1325 609 1370 enirn
627 1325 685 1369 dixit
696 1325 773 1370 licceat
784 1323 824 1368 loco
838 1332 910 1368 oestro
929 1327 972 1368 eto.

104 1394 185 1455 (5,1e);
195 1397 262 1441 sedai
273 1417 283 1439 a
293 1398 325 1442 ibi
333 1399 360 1443 sit
368 1398 617 1452 finis‘reetefaetorum,
628 1398 646 1442 si
656 1399 774 1457 propterea
782 1398 845 1440 reete
854 1396 970 1450 faciamus,

103 1471 127 1511 ut
144 1470 232 1512 tuntum
248 1469 367 1513 videamur
384 1470 413 1513 ab
431 1469 571 1524 hominibus,
586 1470 605 1513 si
618 1469 663 1513 hoo
678 1469 810 1513 iutueamur
823 1470 845 1511 et
855 1466 889 1511 ibi
903 1467 971 1512 finem

102 1540 172 1583 nostri
181 1540 293 1600 propositi
303 1541 438 1585 collocemus
454 1559 465 1582 u
478 1540 508 1600 (S.
521 1540 600 1601 deep),
614 1541 654 1599 qui
663 1540 734 1597 igitur
747 1554 795 1584 non
804 1538 856 1583 ideo
866 1539 930 1595 iaoit,
946 1544 972 1583 ut

102 1611 131 1654 ab
146 1610 278 1656 hominibus
295 1611 406 1668 videatur,
429 1613 470 1657 etsi
487 1625 562 1656 eoram
576 1612 710 1656 hominibus
724 1612 815 1665 feeerit,
832 1614 908 1654 tamen
924 1626 970 1655 non

101 1680 189 1726 videtur
199 1697 276 1727 eoram
292 1684 422 1728 hominibus
433 1684 511 1729 ieeisse
525 1683 570 1744 (op.
587 1683 668 1743 imp),
682 1685 754 1742 ireque
765 1682 828 1727 anim
837 1682 970 1742 simpliciter

101 1768 159 1808 rem,
173 1753 212 1798 sed
228 1754 368 1812 voluntatem
384 1755 422 1799 vel
433 1755 500 1814 punit
512 1755 619 1799 Dominus
632 1755 668 1799 vel
684 1757 790 1809 coronat,
808 1756 834 1797 ut
850 1755 873 1798 S.
890 1754 969 1814 Cleops.

101 1824 202 1881 adnotat3
216 1841 271 1870 narn
285 1827 383 1871 animam
394 1826 443 1870 vult
453 1826 573 1871 efformare
582 1829 604 1870 et
614 1825 645 1870 ab
660 1825 722 1870 omni
736 1825 817 1869 morbo
827 1825 932 1869 liberare.
945 1829 971 1869 Et

101 1900 125 1940 ut
140 1897 262 1942 effioaoiter
276 1898 343 1943 illum
357 1899 484 1958 appetitum
498 1898 571 1943 luridis
581 1912 623 1942 nos
638 1898 716 1942 doceat
733 1896 968 1952 coercere,dan1num

100 1967 216 2026 emergens
226 1960 330 2013 ‘ostendit
347 1984 351 2013 ε
365 1970 469 2030 alioquin
482 1969 605 2014 intercedam
619 1968 785 2014 nonhabebitis
800 1968 867 2028 optut
878 1971 969 2014 Putrem

99 2047 144 2084 oest
151 2054 206 2096 'rena‘
216 2058 227 2082 u
240 2043 262 2085 et
272 2041 404 2086 menolatum
413 2041 453 2085 dat
462 2044 484 2086 et
492 2056 587 2101 poenam
596 2041 713 2101 proponit,
724 2043 750 2084 ut
757 2040 881 2085 vanitatem
890 2041 969 2086 hume-

79 2158 80 2161 ,
95 2125 150 2156 nam
163 2111 202 2156 etsi
214 2126 261 2156 non
275 2127 339 2157 amor
350 2113 449 2158 iustitiae
462 2116 534 2169 tenet,
549 2113 585 2157 vel
597 2113 669 2157 timor
682 2112 759 2156 <lemni
772 2112 899 2157 refrenet..
913 2113 968 2171 quid
999 2138 1001 2147 ·

97 2183 158 2228 enim
171 2199 184 2227 a
196 2186 242 2228 Deo
256 2183 350 2244 aeoipies
362 2186 400 2244 qui
413 2188 460 2230 Deo
472 2185 529 2229 nihil
541 2184 638 2229 dedisti?
650 2197 702 2228 uam
716 2184 777 2244 quod
790 2186 885 2243 propter
897 2175 967 2235 Deum

96 2255 132 2306 fit,
143 2256 186 2299 lieo
196 2254 265 2299 (latur
275 2258 297 2299 et
306 2256 334 2299 ab
345 2271 372 2299 eo
380 2256 501 2315 reoipitur;
512 2256 573 2314 quod
586 2258 664 2299 autem
677 2258 770 2314 propter
779 2255 885 2299 homines
894 2256 929 2310 fit,
942 2257 966 2299 in

95 2328 172 2370 ventos
188 2324 323 2381 effunditur3
340 2327 396 2386 quid
413 2330 446 2371 est
462 2327 523 2380 enini
536 2326 598 2377 alind
612 2326 730 2370 hominum
743 2326 794 2370 laus
808 2340 876 2386 qutun
887 2330 967 2384 vento-4

88 2412 146 2443 rum
164 2398 331 2443 transeuntium
352 2399 431 2443 sonus‘.t
452 2401 595 2443 cessaverunt
613 2397 718 2442 hemines
736 2397 801 2458 loqui
822 2401 844 2442 et
865 2398 965 2458 perdidit

93 2471 191 2515 fructum
201 2484 280 2526 suum,
293 2470 346 2530 quia
356 2473 450 2531 propter
460 2471 563 2515 homines
572 2469 627 2515 feeit
635 2473 661 2514 ut
671 2469 699 2514 ab
710 2470 740 2514 eis
749 2469 894 2515 laudaretur!
906 2473 964 2522 Quae

93 2546 126 2586 est
141 2546 215 2586 autem
227 2541 339 2600 sapientia
355 2556 389 2586 res
405 2542 461 2586 dare
477 2546 499 2586 et
515 2543 582 2587 verba
597 2556 671 2586 vaona
688 2543 837 2602 comparare?
853 2546 892 2587 aut
906 2547 965 2588 oerte

92 2613 218 2657 meroedem
233 2613 273 2656 Dei
287 2616 431 2659 contemnere
446 2614 470 2658 in
487 2617 622 2673 perpetuum
637 2611 766 2658 manentem
775 2614 801 2658 in
817 2614 884 2659 coelis
894 2618 915 2658 et
930 2616 940 2658 i
955 2640 964 2648 -

91 2686 177 2742 'gientes
194 2684 316 2729 hominum
331 2700 447 2730 sermones
469 2686 553 2743 eligere
572 2704 582 2728 u
607 2685 652 2745 (op.
670 2686 742 2745 turp).
761 2685 869 2730 Nominat
888 2690 963 2731 autem

90 2756 189 2809 Patrem,
203 2759 228 2800 ut
239 2770 264 2799 eo
275 2769 364 2815 [pioque
376 2756 469 2800 nomine
481 2770 521 2800 nos
534 2757 614 2799 eneitet
632 2756 662 2799 ad
673 2755 772 2799 studium
785 2755 891 2815 plaoendi
906 2760 961 2810 Deo;
1018 2810 1019 2813 Ἰ

89 2827 138 2885 quis
149 2828 208 2871 enim
216 2828 291 2872 bonus
300 2827 358 2877 lilius
367 2842 414 2871 uon
425 2819 501 2886 potius
513 2827 571 2886 putri
581 2841 621 2871 suo
631 2827 719 2886 plaeere
730 2826 821 2872 studeat
829 2843 898 2887 quam
912 2830 962 2888 qui-

89 2895 185 2942 buslibet
195 2899 326 2943 bominibus
336 2899 373 2960 (of.
385 2897 474 2957 [unali
966 2892 972 2901 “

118 2970 163 3013 lain
178 2984 190 3013 o
207 2972 255 3013 toto
272 2971 297 3014 in
309 2975 384 3031 partes
395 2969 515 3015 deseendit
531 2969 571 3030 (ql.
587 2968 637 3014 ord.
656 2970 748 3030 reema.
768 2973 891 3017 Enumerat
904 2973 959 3027 tria,

89 3042 265 3099 eleemosynam,
279 3044 414 3097 orationem,
430 3043 550 3097 ieiunium,
564 3041 619 3102 qnia
628 3041 686 3086 haee
698 3043 741 3087 tria
754 3059 781 3088 ea
792 3044 842 3088 iere
853 3048 904 3088 suut
916 3045 961 3095 vir-

88 3116 161 3157 tutum
178 3127 257 3172 opera,
278 3116 378 3175 quaein
398 3114 527 3159 notionibus
540 3113 638 3159 externis
659 3115 782 3171 consistunt
800 3119 822 3160 et
840 3116 957 3176 inquibus

88 3183 152 3233 iaoile
161 3187 233 3244 potest
242 3183 335 3235 morbus
345 3179 452 3231 vanitatis
461 3186 569 3246 irrepere.
580 3188 637 3231 Sunt
647 3187 702 3231 haee
713 3202 782 3246 opera
792 3188 860 3231 laude
868 3188 937 3245 digna
948 3201 952 3230 z
