2211 3575
454 225 530 256 namu.
546 216 565 264 1,
583 217 614 255 19.
752 188 753 191 i
937 222 974 262 103

53 342 54 345 =
89 319 142 361 Bar.
162 315 225 373 Splo.
245 316 301 373 Lap.
320 315 480 376 [applaria.
501 332 522 376 p.
542 317 716 373 malagma]
732 315 866 359 autemlroc
882 314 974 358 silentio

88 386 184 446 losepho
195 373 298 430 additam
308 401 357 431 esse
366 387 514 433 afflictionem
524 385 641 432 neminem
655 388 727 432 latere
735 389 810 447 potest
821 389 890 446 atque
900 386 973 445 ipsam

89 472 180 517 quoque
196 457 220 502 b.
242 457 356 515 Virginem
376 474 403 503 ea
419 459 496 518 sponsi
511 460 643 504 turbatione
669 459 768 503 multum
792 462 909 518 expertam
926 471 972 502 esse

88 528 173 574 doloris
187 543 213 573 ac
226 529 352 574 moestitiae
367 530 455 590 pariter
470 533 556 575 certum
574 535 613 574 est.
628 530 741 574 Haerebat
760 530 846 589 quippe
862 530 970 589 Iosephus

88 600 179 652 anxius;
199 603 312 660 exspectat
335 616 383 646 rem
407 601 520 645 declarari
540 616 552 646 a
575 615 666 661 sponsa.
689 600 784 660 Culpam
803 601 852 645 eius
869 601 984 654 subesse,

87 673 182 731 propter
200 676 330 732 perspectos
351 673 398 717 eius
416 687 491 716 mores
520 676 542 717 et
563 673 624 717 vitae
644 672 810 730 integritatem,
827 672 971 725 modestiam,

87 742 231 788 sanctitatem
249 743 370 788 admittere
392 744 482 788 animus
498 744 548 798 ¹eiu‘s
568 744 664 802 refugit;
686 744 762 789 sed-si
779 744 852 788 invita
873 743 920 787 vim
940 747 972 787 est

59 811 61 813 ’
87 817 187 874 experta,
202 830 243 860 cur
256 831 302 860 non
321 830 371 859 rem
389 815 486 875 pandit?
500 816 617 868 Quomodo
633 830 669 860 res
683 816 712 860 sit
728 816 874 875 explananda
887 814 970 867 nescit;

86 900 158 945 quare
168 886 193 930 id
202 887 290 932 consilii
301 887 378 946 animo
387 887 458 932 volvit
471 903 517 947 quo
531 890 553 932 et
563 887 607 932 sibi
618 890 640 931 et
654 901 750 947 sponsae
763 887 848 947 optime
859 887 970 941 consulat,
992 940 996 943 ἢ

86 957 134 1001 scil.
148 960 174 1001 ut
188 973 239 1003 eam
254 958 340 1003 occulte
354 959 462 1004 dimittat.
481 959 529 1004 Sibi
542 958 649 1014 consulit;
663 958 734 1018 nescit
745 961 831 1019 quippe
843 959 899 1019 quid
909 958 971 1003 acci-
1013 979 1016 985 ·

86 1028 155 1084 derit;
172 1029 191 1073 si
203 1031 250 1074 vim
267 1022 377 1090 passa'est
389 1035 441 1088 ante
451 1024 660 1090 desponsationem,
674 1031 694 1075 is
707 1031 747 1090 qui
760 1030 838 1075 intulit
848 1030 970 1074 tenebatur

86 1115 136 1145 eam
154 1101 233 1145 dotare
250 1105 273 1145 et
289 1116 383 1145 uxorem
398 1102 484 1146 habere
504 1101 549 1162 (Ex.
565 1106 641 1157 2216.
656 1105 720 1146 Dent.
741 1093 831 1161 22,28);
848 1102 867 1146 si
884 1105 968 1161 p'ostea,

87 1186 140 1217 cum
150 1172 200 1231 ipsa
212 1186 297 1232 sponsa
308 1172 368 1216 nihil
381 1171 409 1216 de
426 1188 449 1217 se
462 1172 558 1232 aperiat,
575 1173 643 1217 etiam
655 1173 753 1217 maxime
765 1174 893 1217 consultum
906 1174 969 1218 vide-

85 1244 162 1297 batur,
179 1246 203 1287 ut
217 1243 237 1288 ei
249 1244 343 1303 plenam
356 1244 489 1289 restitueret
498 1237 629 1289 libertatem
641 1259 734 1304 seseque
748 1244 777 1289 ab
788 1244 852 1288 omni
866 1245 969 1289 molestia

84 1315 197 1359 liberaret
209 1331 267 1375 quae
280 1315 363 1360 exoriri
376 1318 474 1375 posseta
486 1330 569 1376 sponsa
578 1315 675 1373 gravida
685 1309 786 1360 aliunde.
799 1319 831 1360 Ita
842 1329 897 1372 ergo
907 1317 969 1359 omni

85 1402 111 1430 ex
126 1390 192 1455 parte
208 1382 308 1431 iustitiae
322 1387 428 1432 consulit.
441 1390 514 1438 Quare
528 1387 599 1432 iustus
608 1391 710 1440 vocatur,
723 1390 801 1447 utpote
815 1388 856 1447 qui
863 1402 969 1431 normam

83 1458 138 1502 iusti
148 1459 252 1518 sequitur
265 1462 286 1503 et
303 1459 370 1514 recti;
386 1450 457 1518 quare
469 1459 527 1503 hacc
537 1458 661 1518 appellatio
672 1459 728 1503 iusti
740 1459 770 1503 ad
783 1459 881 1503 alterurn
891 1474 968 1503 versus
1011 1510 1013 1515 Ι
1061 1468 1084 1499 ·’.

83 1530 223 1585 membrum,
244 1530 274 1574 ad
295 1530 370 1589 ipsam
391 1530 551 1575 demissionem
570 1531 648 1590 potius
667 1530 774 1590 pertinet,
796 1534 821 1574 ut
840 1532 864 1576 S.
887 1530 966 1590 θῆναι.

83 1603 152 1649 Patr„
161 1602 282 1661 explicant,
295 1616 342 1646 non
354 1605 379 1645 ut
389 1601 461 1647 Μαῖα.
477 1602 539 1646 Icus.
558 1602 638 1646 volunt
648 1602 677 1646 ad
693 1603 765 1662 prius,
779 1617 824 1660 quo
837 1602 910 1662 magis
920 1604 968 1646 eius

83 1672 157 1731 pietas
171 1673 354 1717 commendatur.

113 1747 169 1788 Sunt
188 1744 228 1803 qui
246 1743 332 1788 dictum
346 1744 459 1803 explicent
477 1744 613 1801 benignum,
628 1744 714 1799 mitem,
733 1744 798 1803 pium
812 1744 845 1803 (S.
867 1745 964 1804 Chrys).
1009 1776 1011 1779 v

81 1818 109 1859 At
126 1814 156 1860 ad
172 1830 225 1859 eam
239 1815 356 1859 notionem
372 1830 451 1860 vocem
468 1814 586 1860 deflectere
600 1830 645 1860 non
661 1818 695 1860 est
708 1830 772 1874 opus.
788 1818 844 1859 Nam
862 1816 928 1876 pium
941 1832 966 1861 ac

82 1887 161 1930 mitem
178 1900 201 1930 sc
222 1885 371 1941 demonstrat,
393 1885 447 1930 dum
468 1900 516 1929 eam
540 1900 588 1930 non
606 1885 654 1930 vult
671 1886 792 1931 traducere
813 1887 844 1944 (S.
865 1887 964 1946 Putet).
985 1881 986 1884 ¹

81 1958 157 2002 Voluit
174 1958 242 2012 enim,
260 1960 284 2001 ut
299 1958 369 2002 Eutb.
387 1956 449 2013 dicit,
467 1970 573 2016 sponsam
590 1973 604 2002 a
622 1958 737 2002 malorum
755 1959 901 2018 perpessione
919 1974 966 2003 ser-

81 2044 135 2073 vare
150 2030 204 2088 quia
216 2028 240 2072 id
252 2028 313 2088 quod
327 2029 413 2073 iactum
429 2032 478 2073 erat
490 2044 537 2073 non
549 2030 719 2074 manifestabat.
733 2033 857 2089 Tamquam
869 2044 965 2089 sponsus

80 2100 157 2145 stricto
168 2100 217 2144 iure
230 2103 322 2160 poterat
332 2102 444 2160 sponsam
453 2115 567 2155 accusare,
584 2101 608 2144 in
626 2100 662 2146 ius
679 2115 768 2156 vocare,
780 2104 805 2145 ut
820 2102 848 2145 de
861 2116 902 2146 sua
913 2117 964 2147 con-

81 2172 167 2216 ditione
180 2172 293 2216 rationem
308 2172 416 2216 redderet
432 2174 454 2216 et
467 2187 510 2231 pro
526 2172 607 2222 merito
616 2172 652 2217 vel
665 2172 722 2217 alius
738 2174 774 2218 vel
786 2172 836 2232 ipsa
849 2173 884 2217 vel
895 2174 963 2218 ambo

80 2244 226 2302 punirentur.
239 2247 321 2287 Verum
331 2258 382 2287 eum
398 2243 527 2287 adverteret
540 2257 645 2301 sponsam
658 2258 687 2287 ne
698 2243 749 2298 sihi,
764 2258 854 2302 sponso,
870 2245 963 2303 quidem

79 2329 127 2358 rem
139 2313 257 2367 declarare
267 2314 333 2369 velle,
346 2313 439 2357 omnino
450 2313 572 2357 abhorruit
581 2328 630 2357 rem
640 2314 669 2358 ad
678 2313 765 2358 iudices
778 2313 875 2367 deterre,
886 2316 963 2360 Noluit

80 2400 130 2429 eam
144 2391 266 2443 δειγματίσαι
281 2385 298 2429 i.
313 2399 332 2429 e.
351 2388 376 2429 ut
391 2384 473 2429 Ettseb.
487 2384 504 2429 l.
519 2384 651 2444 cssexplical
664 2392 685 2431 τὸ
702 2393 784 2445 φανερὸν
800 2390 870 2440 ἁπλῶς
883 2400 962 2444 ποιῆσαι

79 2460 100 2501 et
111 2460 174 2502 notat
187 2457 250 2502 idem
263 2472 309 2501 non
325 2456 370 2501 dici
388 2457 417 2500 ab
432 2455 573 2514 evangelista
586 2461 764 2517 παραδειγματίσαι
774 2457 837 2517 quod
849 2458 962 2515 significat

78 2534 112 2584 τὴν
130 2533 161 2575 ἐπὶ
181 2535 248 2582 κακῶς
263 2531 359 2588 πράξαντι
373 2531 400 2582 εἷς
414 2532 489 2581 πάντας
506 2534 621 2588 φαιέρωσιι,
639 2528 678 2573 sed
695 2529 754 2573 bene
769 2529 899 2573 adhibitam
913 2545 961 2575 esse

78 2614 157 2645 vocem
169 2601 241 2645 multo
252 2600 375 2644 mitiorem.
387 2602 435 2644 Nou
444 2599 518 2644 solum
527 2600 597 2657 igitur
607 2614 656 2644 eam
670 2600 744 2644 noluit
754 2615 868 2658 accusare,
881 2616 960 2647 verum

79 2672 148 2717 etiam
162 2672 237 2716 noluit
254 2674 335 2722 notum
349 2671 399 2716 sieri
415 2674 526 2732 quantum
543 2672 568 2715 in
580 2686 603 2716 se
615 2674 681 2726 esset,
697 2686 748 2716 eam
761 2687 807 2715 non
818 2687 831 2715 a
843 2687 867 2715 se
881 2687 961 2718 conce-

77 2744 144 2802 pisse.
169 2744 254 2789 Eodem
273 2742 342 2788 niodo
364 2743 452 2803 explica
475 2743 601 2797 traducere,
618 2742 693 2786 noluit
713 2757 763 2786 eam
784 2742 911 2798 diffamare,
935 2745 959 2789 in

77 2817 197 2874 politicum
207 2813 337 2861 sermonem
348 2814 413 2871 vulgi
427 2814 505 2858 efferre
517 2813 597 2874 (Salar.
610 2813 695 2872 laras),
706 2813 743 2858 vel
752 2815 803 2859 urs,
818 2816 959 2872 Augustinus

77 2886 148 2933 dicit:
163 2888 237 2949 noluit
250 2903 301 2933 eam
315 2887 434 2944 divulgare
451 2886 496 2944 (ep.
512 2885 541 2929 ad
554 2884 718 2942 Macedonium,
731 2901 767 2946 ep.
780 2890 825 2938 *153
842 2901 893 2945 cap.
909 2892 957 2942 t‚a;

77 2958 132 3003 clim
145 2975 181 3018 ep.
200 2962 246 3017 5t).
266 2956 351 3004 Dicitur
368 2957 429 3003 enim
449 2957 519 3001 etiam
536 2958 597 3016 apud
615 2957 701 3002 Livium
720 2958 840 3002 traducere
860 2972 903 3017 per
920 2973 959 3002 ora

76 3028 197 3074 hominum
209 3030 225 3074 i.
238 3046 256 3074 e.
275 3030 377 3090 aliquem
394 3029 500 3089 publicae
513 3029 654 3087 ignominiae
674 3025 868 3088 exponereQRem
880 3029 958 3089 itaque

76 3114 135 3158 quae
145 3101 221 3161 ipsum
231 3101 344 3147 reddebat
355 3101 448 3148 anxium
459 3116 484 3146 ac
501 3099 623 3146 sollicitum
638 3100 732 3145 nolebat
743 3101 818 3145 efferri
830 3100 855 3145 in
865 3100 956 3157 vulgus,

75 3171 116 3215 scd
129 3173 245 3231 cogitabat
265 3188 316 3217 eam
336 3173 423 3219 occulte
437 3168 559 3218 dimittere.
577 3173 715 3218 lambatur
731 3173 823 3217 adnotat
836 3172 956 3216 discrimen
