2211 3575
411 263 615 350 quiriniana
704 335 706 344 Α
928 293 965 332 aaa
1011 265 1016 320 s
1065 263 1069 325 ζ

43 375 47 387 ’
95 386 173 446 prosit,
192 391 214 433 et
223 390 277 448 quia
293 391 386 444 infinita·
397 406 443 434 non
460 379 552 449 possunt
568 405 663 434 numero
680 405 723 433 nec
736 402 840 433 sermone
854 380 966 429 notificari

94 459 168 516 posuit
183 457 282 504 Christus
297 463 344 504 tres
360 460 499 516 differentias
516 454 542 503 ut
555 460 610 503 istae
627 460 671 502 sint
687 460 816 516 exemplum
832 457 862 502 ad
880 449 975 499 intelli-'
1019 505 1030 515 ἱ

45 547 47 550 ’
62 564 65 567 «
80 529 272 585 ’ςθῃᾱαὶηῇῃίῒω
375 521 377 523 ’

118 625 189 675 Neque
202 626 274 665 tamen
288 638 313 665 ea
328 613 360 666 est
372 625 484 677 parabolae
500 615 571 665 visat
586 625 665 672 solum,
677 602 736 675 quod
750 623 795 663 vult
805 620 877 668 Dion,
892 621 966 670 quarta

92 700 140 740 pars
152 689 238 747 seminis
249 690 297 730 iacti
307 691 401 731 fructum
411 691 484 731 afferat
493 691 584 741 ideoque
594 701 673 742 paucos
687 700 733 728 esse
746 688 825 728 electos
836 685 964 737 designetur.
1018 693 1023 734 J
1031 709 1036 720 -,
1062 674 1070 686 '⁴

35 804 43 813 ‚
92 754 199 800 Quantum
208 755 264 795 enim
275 756 363 795 seminis
372 756 451 797 iactum
460 756 486 796 sit
495 756 517 795 in
524 756 586 804 viam,
594 755 616 795 in
624 757 703 794 terram
712 755 820 809 petrosam
830 754 850 791 et
860 751 965 802 spinosam

70 826 72 829 ’
94 814 332 872 nori'dicitur3'insuper
343 821 410 860 mirus
424 823 479 860 esset
487 820 610 860 seminandi
622 819 700 859 modus
713 822 734 858 et
745 830 756 857 a
766 815 917 858 consuetudine
927 814 965 853 bu-

93 894 155 923 mana
165 885 250 925 omnino
261 885 354 936 alienus,
367 886 384 926 si
396 885 501 927 seminans
517 887 612 938 quartam
625 886 709 937 partem
720 882 808 937 seminis
819 881 858 921 sibi
869 891 906 931 pro
917 890 965 930 agro

59 961 62 967 “
94 949 208 989 concrediti
221 953 329 1003 spargeret
342 951 364 991 in
376 951 432 991 viam
442 963 507 1003 prope
524 952 610 1003 agrum!
626 949 784 1001 Sed'parabola
799 959 823 987 ea
839 946 892 986 solet
907 944 976 995 sequi·

95 1016 116 1054 et
125 1015 242 1067 exprimere
252 1027 306 1067 quae
317 1016 375 1068 apud
382 1016 479 1056 homines
489 1017 535 1055 fieri
545 1017 691 1069 consuescunt.
838 1011 839 1014 ’

120 1080 195 1120 Paucis
206 1080 311 1132 quaedam
322 1081 442 1132 attingenda
452 1083 501 1121 sunt
512 1092 564 1132 quae
574 1080 609 1119 hic
618 1079 694 1131 quaeri>
702 1079 778 1118 solent.
789 1077 838 1124 Quis
849 1079 881 1115 est
889 1076 924 1115 ille
934 1087 966 1114 se-

34 1185 36 1189 ‚
93 1144 194 1184 minans?
205 1145 276 1185 Potest
289 1156 339 1184 cum
352 1145 425 1186 multis
437 1146 560 1198 responderi
574 1156 598 1185 ex
611 1134 677 1185 altera
690 1143 791 1201 parabola
800 1153 864 1193 quam
874 1140 966 1180 Christus

94 1208 185 1261 explicat
193 1222 212 1249 v.
223 1211 247 1250 37
259 1210 295 1261 qui
306 1211 398 1250 seminat
406 1211 484 1258 bonum
495 1222 566 1251 semen
577 1213 608 1251 est
616 1210 682 1250 Filius
694 1208 794 1250 hominis.
805 1208 831 1247 At
840 1209 862 1247 ut
873 1216 922 1246 eum
933 1216 966 1243 so-

94 1275 140 1314 lum
153 1275 175 1314 in
188 1277 258 1324 nostra
269 1275 369 1326 parabola
381 1276 486 1328 designari
499 1279 607 1327 putemus,
618 1273 738 1329 nullatenus
746 1280 801 1325 ‘opus
815 1275 856 1319 est,
871 1271 907 1310 se'd
918 1281 964 1309 cum

95 1340 196 1391 parabola
210 1340 231 1380 in
244 1341 366 1380 universum
379 1340 460 1380 dicatur
473 1343 493 1380 et
505 1341 582 1389 valeat,
595 1341 620 1379 de
633 1342 679 1379 toto
689 1341 786 1389 tempore
798 1337 858 1388 regni
867 1334 973 1375 messiani⁴

42 1397 48 1402 ⁵
97 1405 156 1445 hisce
169 1405 265 1445 interris
280 1405 373 1457 intelligi
386 1405 449 1446 debet
459 1409 479 1446 et
489 1417 527 1445 suo
541 1406 610 1452 medo,
622 1405 654 1445 uti
668 1404 694 1444 de
707 1405 757 1456 tota
765 1401 927 1455 praedicatione,
939 1398 967 1438 ita
989 1418 996 1428 ·

98 1481 181 1522 quoque
194 1470 219 1510 de
231 1470 331 1510 omnibus
344 1471 397 1510 valet
412 1471 449 1524 qui
461 1471 513 1511 illud
523 1482 610 1523 regnum
624 1470 756 1509 annuntiant.
769 1470 840 1518 Neque
854 1467 922 1519 obstat
931 1475 966 1503 ex-

69 1542 70 1545 ’
99 1535 186 1587 plicatio
197 1535 233 1575 illa
245 1535 267 1574 in
282 1536 349 1575 altera
359 1524 479 1587 parabolae
493 1536 573 1576 Christo
584 1536 636 1576 data.
653 1534 748 1575 Ghristus
762 1529 819 1574 enim
829 1532 864 1584 qui
879 1540 966 1582 regmrm

96 1599 175 1640 tundat·
183 1602 203 1640 et
213 1592 408 1641 doctrinam'tradit
421 1595 520 1653 apostolis
533 1601 695 1653 praedicandam
706 1602 738 1639 est
751 1599 823 1649 utique
835 1597 868 1636 ille
878 1596 913 1647 qui
923 1594 966 1645 pri-

96 1676 145 1705 mus
157 1668 177 1705 et
187 1676 224 1717 per
234 1677 256 1705 se
268 1666 445 1718 semenspargit3
456 1669 477 1706 at
491 1678 537 1706 cum
548 1666 610 1706 etiam
624 1666 693 1705 in'illa
703 1664 803 1717 parabola
813 1674 861 1715 ager
872 1661 898 1700 sit
907 1671 966 1699 mun-

98 1731 143 1778 dus,
153 1731 174 1781 in
190 1742 230 1781 quo
243 1731 325 1770 bonum
337 1742 411 1790 semen
421 1733 441 1770 et
453 1731 531 1771 zizania
541 1733 635 1771 crescunt
649 1741 717 1781 usque
727 1729 754 1769 ad
764 1726 966 1768 consummationem

97 1796 287 1843 saeculir.>38.39,
298 1796 436 1848 perspicuum
447 1799 478 1836 est
490 1797 552 1836 simul
562 1796 702 1847 intelligi‘eos
716 1794 753 1846 qui
766 1805 838 1833 semen
847 1804 859 1831 a
868 1792 919 1831 Filio
929 1790 967 1830 ho·
1025 1801 1027 1806 ’

95 1860 162 1900 minis
169 1863 279 1912 acceptum
290 1863 390 1912 spargant
400 1861 422 1900 in
432 1861 534 1901 mundum
543 1855 647 1913 usquead
661 1861 728 1900 linem
741 1857 825 1899 saeculi.
838 1855 967 1908 Quapropter

96 1926 116 1965 S.
129 1925 200 1976 Chrys.
213 1925 266 1964 bene
280 1925 382 1965 adnotat:
399 1941 408 1961 u
420 1926 473 1966 hanc
485 1938 546 1978 porro
557 1917 679 1977 parabolam
688 1924 741 1964 dixit
750 1927 774 1964 ut
784 1922 899 1974 discipulos
910 1931 967 1960 exer·
997 1914 998 1918 ’

96 1992 152 2030 ceret
170 1990 307 2040 doceretque,
317 1993 341 2029 ut
353 1990 371 2029 si
381 1990 436 2030 inter
447 2003 482 2031 eos
493 1993 529 2042 qui
543 2003 614 2031 seman
628 1988 750 2041 reciperent
765 1990 835 2041 plures
851 1989 920 2027 essent
931 1986 967 2035 qui

86 2054 152 2102 ,illud
163 2054 285 2106 perderent,
296 2066 323 2093 ne
334 2055 404 2095 animo
418 2056 559 2095 conciderent.
572 2057 623 2095 Nam
637 2058 659 2095 et
669 2055 760 2093 Domino
773 2053 795 2092 id
806 2052 891 2100 accidit,
902 2050 966 2101 etqui

96 2120 155 2172 plane
166 2122 253 2159 neverat
262 2119 316 2159 baec
327 2131 373 2159 esse
384 2120 460 2168 futura,
472 2121 573 2160 seminare
581 2119 627 2160 'non
635 2119 718 2159 destitit
729 2134 746 2157 a.

121 2185 211 2224 Verbum
220 2185 334 2232 autemxel
344 2185 440 2225 clcctrina
450 2185 520 2225 divina
530 2188 577 2237 apte
589 2186 665 2225 semini
677 2185 822 2235 comparatur:
831 2185 893 2231 Nam,
905 2185 927 2223 ut
936 2182 967 2221 di-

96 2250 123 2289 cit
139 2250 227 2288 Testatus
244 2247 288 2300 (qu.
303 2248 339 2301 9)ss
357 2264 366 2285 u
379 2249 433 2294 sieut
446 2261 519 2289 semen
533 2252 563 2289 est
578 2251 636 2301 origo
650 2250 731 2289 fructus
745 2251 766 2287 et
777 2260 801 2300 ex
812 2248 884 2299 paucis
897 2249 975 2302 granis¹

95 2326 182 2365 magnae
191 2316 273 2365 segetes
284 2316 388 2362 crescunt,
397 2315 426 2354 ita
437 2326 461 2354 ex
470 2315 543 2366 paucis
552 2314 621 2360 uerbis
631 2315 669 2354 Dei
679 2318 797 2365 sequuntur
805 2313 895 2364 plurima
905 2325 968 2364 opera

95 2381 160 2428 bona,
172 2379 221 2430 quia
231 2378 319 2418 unicum
330 2380 419 2418 verbum
431 2379 511 2419 bonum
523 2382 554 2419 est
564 2379 670 2419 sufficiens
680 2378 706 2418 ad
716 2379 852 2430 regulandam
861 2382 928 2418 totam
936 2380 967 2417 vi-

52 2490 54 2496 r
97 2449 148 2492 tam,
159 2446 182 2484 ut
196 2443 247 2484 illud
263 2433 340 2484 Christi
352 2445 408 2493 73123
420 2445 443 2485 ut
454 2456 525 2484 semen
538 2445 632 2497 proficiat
645 2445 710 2484 debet
723 2443 823 2483 occultari
836 2444 858 2482 in
869 2446 933 2492 terra,
948 2446 968 2483 et

96 2510 184 2549 verbum
193 2509 231 2548 Dei
242 2506 306 2549 d'ebet
316 2509 418 2550 occultari
428 2510 451 2549 in
459 2510 528 2557 corde,
540 2510 569 2550 ibi
578 2511 600 2550 iu
610 2503 681 2549 animo
692 2520 785 2556 manere,
795 2511 818 2548 ut
828 2511 901 2561 postea
910 2511 968 2548 exeat

40 2621 42 2626 Δ
97 2574 118 2612 in
129 2572 273 2623 operationem
286 2590 304 2612 ».
318 2574 403 2613 Praeter
413 2571 489 2615 terram
499 2575 574 2615 semini
585 2577 657 2627 aptam
667 2574 784 2625 requiritur
794 2574 824 2613 sol
833 2577 853 2614 et
861 2575 937 2625 pluvia,
948 2577 968 2614 et

95 2638 135 2678 nisi
145 2637 209 2676 simul
223 2649 270 2677 cum
282 2639 441 2689 praedicatione
453 2640 535 2679 animus
546 2640 627 2679 lumine
639 2629 723 2681 divinae
735 2639 881 2679 illustrationis
891 2642 912 2679 et
921 2651 968 2678 rore

71 2704 76 2715 ’
97 2702 174 2755 gratiae
185 2702 206 2741 in
215 2702 325 2742 intellectu
335 2707 356 2743 et
365 2704 472 2745 voluntale
483 2705 621 2756 perfunditur,
631 2704 814 2761 s1¹ustrad0ctrina
823 2705 920 2743 salutaris
932 2715 968 2743 an-

97 2768 213 2807 nuntiatur.
227 2768 250 2806 lu
264 2769 310 2807 toto
326 2767 371 2816 hoc>
379 2769 422 2819 agri
436 2770 517 2809 colendi
532 2771 615 2821 negotio
629 2770 697 2824 simul
707 2757 843 2809 adumbratur
855 2769 969 2809 necessitas

98 2832 177 2884 gratiae
191 2832 289 2872 eoelestis
305 2835 326 2871 et
338 2834 492 2884 cooperationis
505 2834 614 2875 humanae.
629 2834 731 2881 Quocirca
741 2834 762 2873 S'.
777 2833 846 2885 Clarus.
861 2833 917 2874 inter
930 2834 969 2874 alia

96 2896 170 2936 scribit
179 2897 230 2937 haec
240 2898 282 2937 dici
292 2898 319 2936 n'e
330 2897 378 2949 quis
389 2900 449 2948 putet
457 2899 574 2956 doctrinam
584 2899 658 2940 auditu
668 2900 777 2949 exceptam
786 2898 813 2938 ad
823 2900 913 2941 salutem
924 2912 969 2940 esse

96 2962 156 3009 satis;
168 2976 177 2996 u
187 2972 238 3011 opus
248 2967 281 3003 est
289 2963 360 3015 primo
369 2962 468 3003 audiendi
477 2964 594 3013 sedulitate,
605 2965 682 3005 deinde
691 2963 736 3016 iugi
744 2966 854 3018 memoria,
864 2965 969 3005 hincforti

96 3027 177 3071 animo,
189 3025 310 3067 divitiarum
322 3031 453 3080 contemptu:
464 3029 514 3068 baec
524 3030 593 3080 itaque
605 3030 718 3070 audientes
730 3041 770 3070 nos
783 3030 878 3083 undique
888 3032 968 3072 munia-

98 3104 154 3140 mus,
165 3089 227 3130 dictis
238 3092 384 3141 attendentes,
397 3095 466 3133 lirmas
480 3093 587 3134 mittentes
599 3094 695 3143 radices,
705 3096 892 3148 saecularibusque
903 3097 968 3137 orimi-

35 3150 36 3153 ’
95 3159 134 3196 bus
145 3169 182 3196 nos
193 3155 330 3208 expedientes
341 3173 350 3193 a
360 3169 364 3205 ;
376 3161 397 3197 et
406 3160 469 3200 Etctd.
482 3172 488 3199 :
500 3162 546 3199 «ne
556 3172 604 3213 ergo
615 3161 641 3200 ob
654 3161 768 3213 segnitiem
778 3173 849 3202 semen
857 3163 968 3213 perdamus

95 3224 131 3261 aut
140 3222 165 3261 ob
177 3220 375 3273 pusillanimitatem
386 3222 456 3273 ipsum
466 3225 580 3276 prodamus
591 3226 624 3266 vel
633 3215 721 3278 propter
729 3227 812 3267 saeculi
822 3238 881 3267 curas
891 3238 927 3266 seu
936 3225 967 3266 di-
1005 3239 1006 3244 ¹
