2211 3575
377 286 379 291 ’
399 297 400 300 ’
445 313 518 344 aaran
535 304 566 350 13,
582 305 615 342 22.
781 303 782 306 ’
913 337 914 340 ,
934 306 971 349 581

77 441 78 444 ,
126 396 203 454 Neque
214 397 276 442 hisce
288 399 362 443 solum
373 400 439 456 regni
449 414 527 445 cursus
543 416 569 444 66
579 393 716 479 6266636226
732 403 767 444 ret
760 399 835 445 ttarda
826 402 864 443 tur
876 400 898 442 et
904 403 971 456 6266

97 464 164 510 dica
149 469 180 510 26
192 468 302 534 626212
259 469 402 529 26262212662
394 470 529 523 2266112666
544 485 565 513 2
580 476 608 514 22
620 485 660 529 que
677 478 754 514 6222626
766 471 890 515 sarcinatus
902 477 935 513 662
948 468 972 512 in

60 563 61 566 =
96 536 178 596 spa'm‘s,
195 538 234 597 qui
250 539 347 604 verbum
360 541 466 598 2636216
480 555 502 585 66
515 533 608 600 suscipit
621 556 647 585 eo
663 540 732 584 modo
748 555 793 599 quo
807 545 869 586 terra
881 540 971 600 spinosa

30 638 33 641 -
96 607 189 652 seminis
199 623 282 666 grana,
295 610 424 670 1226662661
433 611 524 671 corbalan
534 611 601 657 6226122
610 620 632 656 62
639 611 769 657 sollicitudo
780 611 940 656 66662212222166
949 618 971 654 62

96 675 193 736 fallacia
205 676 336 726 (1161116666
349 684 449 743 suffocet
462 676 554 728 6621222222
570 692 591 728 62
601 683 648 728 61226
660 674 865 743 12626266626122226
880 682 970 726 animus

97 750 217 817 cnimistis
226 750 359 812 6661626662
368 754 519 799 2226212662662
530 754 587 799 nihil
595 758 659 799 ’66262
669 769 705 798 266
714 755 812 799 divinas.
822 748 970 798 Bencmouet

53 836 54 839 ¹
97 821 122 865 S.
140 821 219 881 Chrys:
238 838 283 868 6622
296 823 341 869 dici
358 825 472 870 saeculum
487 827 509 870 62
524 825 622 879 (12212266,
637 825 677 870 6621
695 825 825 869 sollicitudo
843 824 928 869 saeculi
948 826 970 867 62

96 886 192 949 fallacia
206 893 352 948 divitiarum3
372 915 382 937 «
393 911 421 940 66
436 896 509 954 231262
522 911 558 942 266
572 898 631 957 16666
645 898 766 957 6221666266
780 897 822 941 6621
836 898 969 954 corruptam

97 964 236 1009 voluntatem
244 959 316 1020 {licet
328 967 392 1011 enim-
401 968 494 1013 divitem
508 983 554 1012 6666
565 971 586 1028 62
601 981 646 1012 666
659 966 749 1027 2166261,
763 968 788 1013 16
800 968 844 1011 1266
856 980 903 1011 6666
917 980 968 1010 666-

62 1052 69 1058 ··
98 1035 149 1078 culo
162 1039 239 1080 62666
249 1038 376 1096 6266166621
387 1032 582 1082 sollicitudinibus.
597 1043 649 1094 Duo
656 1039 744 1098 quippe
754 1041 811 1082 22226
821 1027 883 1081 26162
895 1051 918 1081 66
925 1052 968 1096 66-

70 1106 71 1109 ’
98 1106 170 1163 666126
181 1107 206 1149 26
215 1107 299 1151 (12222226
308 1111 370 1162 6662;
385 1108 448 1152 aliud
458 1107 519 1168 quod
528 1110 614 1153 cruciat
626 1111 647 1152 et
657 1108 763 1162 61166662,
778 1114 812 1152 662
824 1107 953 1152 sollicitudo
962 1121 967 1161 ;
977 1133 979 1135 -

97 1176 161 1220 612621
171 1177 232 1236 quod
242 1178 354 1223 molliores
364 1171 452 1235 26212112,
464 1183 516 1225 6661
525 1175 627 1225 deliciae.
638 1182 706 1224 Recte
716 1182 793 1224 autem
805 1179 862 1223 dixit
870 1178 969 1238 sallario

96 1247 241 1303 divitiarium
250 1250 326 1293 626626
336 1250 455 1310 quippein
465 1251 551 1295 divitiis
559 1251 648 1296 16116626
659 1254 712 1310 sunt
724 1266 728 1296 :
746 1250 862 1310 voluptas,
880 1249 966 1307 316216,
1016 1302 1018 1308 Ι

63 1338 66 1346 ·
96 1319 274 1375 pulchritudinis
287 1321 388 1365 studium
400 1322 527 1380 similiaque
540 1323 617 1372 662626
630 1322 716 1380 6666266
729 1322 844 1379 quaedam
857 1325 879 1364 62
892 1320 966 1379 61266-

96 1391 154 1433 26626
169 1393 230 1444 6662,
245 1406 290 1434 666
308 1406 386 1442 262662
411 1393 492 1436 veritas
513 1402 534 1437 2,
553 1392 777 1448 11611666662666262
802 1391 894 1436 (11222166
916 1391 970 1450 quia
1013 1427 1014 1430 ,
1052 1425 1053 1436 .

38 1456 40 1458 ’
64 1465 65 1468 ’
96 1461 182 1523 12166216
196 1463 269 1521 666626
283 1462 513 1525 66621666611262662,
529 1479 555 1507 66
565 1464 704 1522 6266122662
717 1478 776 1523 [puae
792 1464 908 1522 praestare
921 1477 968 1506 uon

34 1524 44 1533 ⁹
91 1535 201 1591 possunt,
212 1533 306 1590 fugaces
321 1548 412 1593 quoque
422 1537 473 1578 sunt
481 1538 505 1595 et
514 1533 631 1578 instabiles
641 1538 664 1578 62
674 1549 755 1579 earum
766 1533 900 1592 deceptione
910 1536 932 1577 62
941 1533 969 1576 11-

96 1603 192 1648 166612226
208 1605 275 1667 multi
285 1604 390 1648 excidunt
403 1604 431 1648 ab
443 1608 535 1650 aeterna
544 1606 663 1660 felicitate,
682 1619 737 1662 6236
748 1619 817 1663 cluam
831 1597 929 1648 maxime
940 1605 969 1647 226

77 1668 79 1671 ’
95 1674 208 1718 16112262222
222 1689 247 1718 66
256 1675 411 1734 decipiuntur.
426 1676 498 1720 Nimio
508 1690 586 1720 earum
596 1675 669 1720 studio
680 1676 715 1719 vel
723 1675 834 1719 fruitione
848 1676 867 1718 si
877 1674 966 1718 6616266
1031 1734 1033 1738 Υ
1072 1711 1074 1713 ,

95 1748 226 1804 6666662222,
241 1746 309 1805 61666
322 1747 404 1790 6266622
416 1762 429 1802 6
441 1747 508 1791 261266
520 1747 612 1798 divinis,
623 1761 703 1790 earum
712 1760 791 1790 662662
804 1746 893 1799 61222622,
906 1746 969 1788 66262

96 1831 174 1861 662662
187 1816 342 1861 aestimatione
353 1817 448 1862 exuitur.
464 1817 593 1863 Sollicitudo
603 1817 687 1862 saeculi
700 1817 830 1877 6666116262
839 1832 886 1861 666
896 1816 967 1860 262126

95 1887 209 1947 quidquid
221 1890 286 1946 6266
288 1902 424 1945 erressuum
435 1889 474 1933 Der
486 1889 590 1933 hammes
603 1888 761 1948 nimiostudio
776 1888 969 1947 quaerunt-ho

95 1972 178 2002 norum
192 1958 350 2014 ambitionem
369 1959 472 2017 negotia,
489 1960 575 2004 1226662
567 1944 705 2018 tquidquid
720 1958 876 2038 6666626666
892 1972 964 2015 26366

95 1994 465 2092 16212661626226221611111611)
480 2031 551 2074 Varus
563 2044 623 2073 enim
634 2029 678 2074 21126
688 2044 748 2073 66226
762 2044 788 2072 ac
801 2029 904 2107 cupidita
880 2029 966 2073 tatibus

95 2115 195 2159 pronum
204 2100 313 2144 66612262
326 2116 352 2144 66
368 2092 493 2160 6266166622
508 2095 927 2160 6612166121126662666631262166626
944 2100 969 2142 in

95 2172 198 2215 66262662
216 2171 347 2216 immittitur
362 2171 523 2230 (8612662661.
540 2187 562 2216 e.
575 2174 673 2216 22665
659 2172 690 2230 5)
709 2170 824 2216 8222166662
816 2173 875 2214 66
877 2184 924 2224 em
943 2172 968 2213 222
1025 2202 1031 2210 ..

95 2244 120 2288 S.
136 2242 258 2302 1126662162
270 2242 409 2302 (1262216662.
425 2243 489 2287 15111
496 2257 576 2299 etan„
591 2244 622 2286 11
634 2241 752 2300 7,,61133)
766 2256 820 2299 lura
829 2243 914 2300 226662
912 2255 968 2285 6626
1010 2287 1011 2290 ,
1077 2275 1079 2278 ,

97 2313 273 2371 cogitationibus
287 2315 332 2357 6626
342 2316 421 2371 guttur
432 2314 514 2358 mentis
523 2313 667 2371 6666361662
678 2315 700 2357 62
712 2312 768 2356 dum
781 2311 871 2356 1266626
882 2311 969 2356 deside·
995 2320 1000 2324 '

48 2410 51 2412 ,
97 2386 158 2429 22626
172 2385 257 2428 1622626
267 2384 297 2428 621
309 2399 403 2429 cernon
417 2385 493 2428 6166222
504 2385 567 2443 quasi
577 2384 664 2428 aditum
677 2385 745 2428 116266
755 2383 830 2427 vitalis
838 2385 929 2427 666662.
943 2407 973 2415 -
1036 2440 1039 2443 ,

42 2506 44 2513 y
97 2456 147 2500 21126
155 2470 245 2515 quoque
254 2455 432 2499 consideratione
442 2470 508 2500 66266
518 2458 540 2500 62
547 2455 637 2499 (11222266
646 2455 718 2514 spinis
729 2457 782 2513 apte
790 2447 952 2512 comparantur
964 2468 968 2499 :
1012 2510 1013 2513 Ἰ

97 2528 162 2585 spina
175 2527 236 2570 enim
252 2527 356 2571 crucians
367 2528 474 2585 cogitatio
485 2530 517 2571 est
527 2526 674 2587 comparandi
690 2526 794 2580 (11222166,
808 2525 875 2569 161262
888 2525 912 2568 222
922 2525 968 2569 11126

98 2597 217 2654 6223662116,
228 2597 296 2641 timor
306 2598 330 2641 16
340 2598 384 2642 illis
394 2593 535 2653 6662266116,
548 2598 644 2642 21616226
655 2599 687 2641 616
698 2596 852 2656 expendendis
863 2595 969 2655 (Salen.);

98 2682 205 2713 curarum
215 2682 307 2727 suarum
315 2669 476 2748 punctionibus
484 2672 582 2713 62662662
593 2670 696 2713 166626222
707 2672 729 2712 62
738 2682 790 2711 62262
799 2682 871 2726 usque
880 2666 909 2710 ad
902 2681 971 2780 9666-

98 2744 134 2784 66
136 2754 175 2783 662
187 2741 237 2799 662
228 2739 332 2794 trahunt,
350 2754 415 2797 quasi
427 2739 512 2784 26112626
523 2740 617 2784 22216626
633 2742 713 2783 622266
714 2754 743 2783 66
745 2738 797 2796 211
815 2738 922 2796 112166
924 2738 970 2782 2622
991 2740 993 2743 ⁴

98 2810 205 2869 16226162
197 2775 354 2864 22662626112126
369 2811 517 2854 6666626222266
532 2812 640 2855 cruciant.
657 2812 752 2852 -Cum
769 2811 847 2851 autem
860 2809 974 2868 eoncupi-¹

33 2904 37 2912 ·
97 2881 196 2948 66662166
207 2896 291 2939 maone
301 2880 400 2960 quodam
410 2881 510 2939 66621626
521 2882 602 2925 6612626
611 2881 732 2924 horminum
743 2878 850 2943 2661266
834 2882 879 2923 6262
887 2894 970 2937 ,-6266

97 2952 163 2996 dicat
158 2966 250 3008 2626362
257 2968 301 2996 666
310 2955 349 3012 662
351 2952 393 2995 6212
399 2966 446 2995 666
453 2951 515 3011 66621
523 2953 571 2995 mul
572 2955 605 2996 tos
572 2952 672 2995 21266
674 2966 689 2994 6
698 2964 785 2994 662626.
797 2949 858 3009 Opus
866 2951 928 2997 enim
937 2954 971 2994 est

97 3023 190 3073 62612226
202 3024 298 3067 26226616
311 3026 373 3068 62662
375 3038 411 3068 662
424 3022 530 3077 62611626,
544 3022 602 3065 6121
585 3021 750 3065 illecebrisl
712 3023 750 3065 vol
751 3024 807 3080 upta
795 3026 857 3065 2662
871 3035 968 3080 quarum

58 3151 60 3155 ἲ
95 3095 246 3140 instrumenta
259 3097 280 3136 et
292 3094 441 3139 invitamenta
453 3092 543 3138 divitiae
557 3096 608 3137 sunt
621 3107 700 3137 sensus
714 3093 857 3145 abstrahere,
873 3105 919 3136 sese
929 3091 967 3135 ab·

96 3180 192 3223 negare,
207 3163 308 3209 animum
322 3165 428 3209 exhihere
441 3166 479 3210 Dei
492 3180 534 3224 ope
546 3167 567 3208 et
577 3164 654 3222 326226
667 3165 751 3209 fortem
762 3166 783 3207 62
794 3165 931 3207 constantem
943 3161 967 3202 26

96 3239 131 3282 sui
144 3237 250 3292 22626216,
261 3236 286 3279 in
300 3236 466 3293 compescendis
480 3236 647 3296 cupiditatibus.
664 3235 707 3280 Sed
719 3249 771 3279 eum
785 3234 884 3277 62622626
893 3231 967 3274 126261-
