2211 3575
487 218 563 249 1111111.
579 210 598 255 9,
616 209 634 247 2.
769 258 772 264 Ι
966 212 1003 250 391

120 307 185 353 Dion.
196 309 268 357 Saba.
278 309 350 370 Idas.)
360 323 364 364 ;
376 309 458 355 volunt
467 311 491 355 S.
502 309 566 355 Hier.
578 308 651 355 nield.
666 309 722 354 Ara.
738 309 768 354 ad
778 307 838 353 solos
851 308 938 366 eosqui
949 321 1003 366 por-

119 379 198 425 tabant
211 380 349 439 restringere
356 381 426 442 fidem
439 381 546 439 illoram,·
557 385 579 426 at
591 381 715 435 immerito,
729 384 755 425 ut
765 380 864 425 videtur.
876 381 932 424 Cum
941 378 1003 423 enim

121 453 178 497 lesus
196 452 275 497 videns
289 453 360 512 fidem
376 453 470 498 illoram
487 454 563 498 statim
579 452 624 511 ipsi
645 455 738 509 aegroto
759 452 847 496 blanda
864 450 1002 496 allocutione

118 536 234 568 summum
244 528 344 584 praestet
351 525 499 578 beneficium,
513 539 539 567 ex
550 524 618 567 modo
626 523 767 568 narrationis
773 523 924 567 concludatur
935 536 1002 581 opor-

118 596 150 637 tet
163 609 215 639 eum
230 598 252 639 01
266 595 350 641 blande
363 594 453 654 alloqui
463 607 561 652 aegrum
571 594 637 653 eique
648 593 730 651 largiri
743 594 830 637 donum
841 594 1002 651 1110111111ορ10-
1020 642 1022 645 ,

118 664 200 710 tiosum
209 666 264 725 quia
272 666 319 711 eius
326 667 382 711 fidei
391 665 521 710 sinceritate
529 668 551 709 et
559 665 648 709 fervore
658 664 784 714 delectatus
791 667 847 709 erat.
855 663 919 709 Fides
926 666 1002 708 autem
1035 671 1036 675 ’
1083 666 1085 669 ’

118 736 155 781 1110
166 737 249 783 dicitur
263 739 380 798 persuasio
393 737 421 780 de
435 736 517 781 Christi
533 736 636 796 potentia
652 738 674 780 01
684 736 835 795 benignitate,
851 750 876 779 011
890 751 935 795 qua
947 750 1001 779 ena-

117 809 186 852 scitur
198 809 267 853 simul
282 822 372 852 summa
387 807 479 853 fiducia.
492 807 553 853 Solet
571 808 671 852 Christus
686 807 756 851 fidem
771 807 862 865 exigere
877 810 1001 865 antequam

118 879 229 924 miracula
239 883 360 939 operatum
374 880 445 939 idque
454 880 487 936 111,
501 883 525 924 111
539 878 612 924 Salia.
629 879 736 935 advertit,
749 894 796 923 non
806 881 896 933 tantum
907 877 937 922 ad
947 876 1002 921 fidei

117 950 339 996 commendationem
350 944 388 996 sed
398 951 460 1011 qtiod
470 951 525 996 fidei
531 951 560 995 sit
567 952 689 1011 proprium
696 951 853 1011 idimpetrare
861 953 883 993 01
892 948 1001 1008 consequi

118 1024 179 1080 quod
193 1023 265 1067 credit
278 1026 299 1066 et
314 1026 397 1082 sperat.
418 1023 475 1067 Dixit
489 1022 615 1083 paralytico
633 1039 637 1067 :
653 1021 740 1082 conside
754 1022 792 1082 fili
805 1022 821 1068 i.
840 1037 860 1066 e.
875 1022 937 1066 bono
953 1023 999 1064 esto

117 1094 193 1138 animo
207 1108 301 1154 sperans
315 1098 336 1138 te
350 1096 527 1139 consecuturum
538 1094 599 1153 quod
613 1098 689 1154 optas;
701 1101 777 1151 τέκνον,
789 1092 999 1138 blandovocahulo

116 1165 232 1209 hominem
246 1166 377 1224 compellat,
394 1180 440 1224 quo
455 1165 527 1209 animi
543 1179 594 1224 spes
608 1169 631 1210 et
647 1166 732 1209 fiducia
748 1181 801 1209 sane
816 1179 886 1224 quam
900 1165 999 1209 maxime

116 1239 222 1293 augetur.
234 1236 307 1281 Simul
321 1236 456 1296 depingitur
467 1240 517 1281 lesu
532 1229 663 1294 benignitas
677 1238 699 1280 et
712 1236 738 1279 in
749 1235 844 1292 miseros
857 1235 939 1280 caritas
947 1249 999 1279 vere

117 1307 204 1363 (111111ος
219 1326 229 1349 a
241 1307 324 1352 omina
337 1306 463 1363 humilitas
477 1308 610 1367 despectum
621 1311 643 1351 01
653 1306 762 1362 debilem,
774 1306 874 1366 totisque
884 1306 1001 1351 membro-

93 1389 95 1392 ·
116 1393 166 1422 111111
180 1379 331 1438 compagibus
341 1378 480 1423 dissolutum
496 1378 573 1437 silicem
591 1381 665 1433 vocat,
679 1392 749 1436 quem
763 1377 892 1422 sacerdotes
901 1392 949 1421 non
965 1376 1000 1421 di-

116 1450 249 1506 gnabantur
257 1450 371 1508 attingere
385 1467 396 1492 »
413 1449 444 1509 (S.
459 1450 542 1509 Hice).

146 1521 190 1566 Sed
200 1537 240 1566 cur
254 1522 274 1565 ei
291 1521 346 1565 dicit
360 1536 365 1566 ε
380 1520 532 1565 rernittuarar
545 1520 636 1581 (graece
652 1536 656 1566 :
671 1521 835 1576 nominasent,
847 1521 872 1565 id
881 1514 944 1581 quod
955 1535 1000 1565 em-

115 1593 181 1651 phasi
189 1591 311 1651 noncaret)
321 1592 464 1651 libipeecatu
473 1594 530 1636 tera?
537 1592 658 1636 sanitatem
666 1595 768 1651 corporis
776 1593 836 1637 enim
843 1607 895 1636 eum
903 1592 998 1652 petiisse

117 1665 269 1708 communiter
282 1669 381 1708 censent.
396 1664 542 1723 Respondent
555 1667 629 1707 Iesum
646 1666 725 1722 utpote
735 1663 824 1708 bonum
838 1664 954 1707 medicum
969 1663 998 1707 ad

116 1734 190 1779 morbi
197 1749 279 1778 venam
287 1737 309 1778 01
316 1734 417 1779 radicem
424 1738 526 1793 spectare
533 1748 631 1793 eamque
642 1749 732 1790 sanare,
743 1738 765 1779 et
772 1748 814 1778 nos
819 1734 898 1778 doceri
905 1738 999 1793 propter

115 1809 207 1865 peccata
222 1820 289 1865 saepe
306 1807 399 1850 evenire
412 1806 514 1866 corporis
530 1805 659 1851 debilitates
678 1805 716 1865 101.
734 1807 758 1850 S„
779 1805 841 1850 Hier.
856 1805 927 1850 11011.
939 1805 997 1865 Bru).

115 1881 173 1921 Haec
182 1880 234 1922 utut
249 1891 304 1921 vera
314 1880 375 1932 sunt,
383 1877 417 1921 rei
425 1881 502 1921 tamen
518 1891 632 1921 summam
643 1877 784 1936 relinquunt.
797 1880 852 1922 Cum
860 1879 921 1921 enim
930 1891 999 1934 aeger

114 1949 152 1992 ille
164 1952 216 1993 ante
228 1948 298 2007 pedes
309 1952 358 1993 Iesu
368 1948 460 2003 iaceret,
476 1950 526 2008 ipsa
536 1952 586 1992 Iesu
596 1948 732 1993 sanctissimi
745 1948 876 2008 praesentia
886 1952 908 1993 et
922 1949 998 1993 vultus
1027 1961 1028 1964 ’

115 2019 163 2064 cius
176 2020 264 2079 spirans
273 2019 416 2064 sanctitatem
426 2020 512 2064 censeri
529 2019 598 2063 debet
609 2020 697 2063 homini
709 2020 744 2063 illi
754 2021 877 2079 inspirasse
888 2034 999 2077 magnam

114 2091 142 2134 dc
156 2090 253 2150 peccatis
264 2092 421 2136 confusionem
435 2094 457 2134 et
467 2091 571 2147 dolorem
581 2094 602 2135 et
612 2092 730 2150 suiipsius
741 2091 927 2150 despicientiam3
939 2091 998 2135 unde

115 2162 217 2207 Christus
225 2163 300 2221 primo
310 2166 331 2206 et
339 2177 380 2222 per
391 2177 414 2206 se
425 2163 550 2221 respondet
558 2163 634 2207 sensui
644 2163 692 2207 eius
704 2162 786 2206 intimo
796 2162 877 2221 illique
887 2162 998 2207 desiderio

114 2233 175 2292 quod
189 2237 237 2277 lesu
254 2235 385 2292 praesent-ia
400 2234 420 2277 01
435 2235 537 2292 primum
550 2233 642 2277 indidit.
656 2237 713 2277 Nam
726 2233 798 2278 sancti
809 2248 901 2292 quoque
917 2234 998 2277 veteris

114 2304 243 2348 testamenti
251 2304 320 2347 simul
330 2307 398 2362 atque
407 2303 494 2348 visione
505 2303 596 2347 coelesti
602 2305 788 2348 donantursacro
799 2304 900 2363 quodam
910 2307 997 2348 terrore

113 2375 199 2435 perfusi
210 2389 277 2420 suam
287 2375 391 2434 profiteri
401 2374 474 2419 solent
483 2375 647 2432 indignitatem
659 2378 680 2419 et
690 2374 875 2419 imbecillitatem
891 2375 928 2436 (cf.
941 2378 995 2419 Gen.

114 2451 174 2501 lna,
188 2451 213 2491 [s.
226 2451 271 2502 6,5.
289 2450 344 2492 Dan.
357 2447 486 2507 7‚15et0.);
503 2462 574 2506 quare
589 2447 675 2492 mirum
685 2446 780 2491 minime
793 2449 826 2491 est
839 2462 921 2491 verum
930 2447 998 2506 plane

113 2532 261 2577 consequens,
273 2521 299 2562 ut
313 2522 362 2563 Iesu
377 2533 469 2578 quoque
483 2519 613 2578 praesentia
629 2519 721 2563 eosdem
737 2518 809 2563 animi
819 2533 897 2563 sensus
908 2519 996 2563 excitet.

113 2591 172 2633 lacet
182 2580 260 2647 itaque
267 2603 336 2645 aeger
344 2590 383 2633 ille
394 2604 471 2633 coram
480 2594 529 2634 lesu
538 2590 611 2634 0110111
623 2605 670 2634 non
678 2596 726 2634 tam
734 2589 836 2649 corporis
844 2605 914 2649 quam
926 2591 997 2634 animi

115 2659 268 2717 aegritudinis
280 2661 391 2704 memoria
402 2675 501 2719 pressus,
517 2664 542 2706 ut
554 2665 704 2720 peccatorum
714 2662 814 2705 maculas
823 2664 844 2705 ct
854 2661 944 2719 pondus
958 2677 998 2706 au-

112 2732 170 2776 ferat
180 2731 338 2776 sanctissimus
350 2731 398 2785 ille,
414 2735 481 2788 rogat
490 2732 572 2776 intimo
582 2733 657 2776 cordis
667 2733 757 2776 affectu.
771 2735 841 2783 Quem
852 2732 925 2776 animi
934 2732 999 2776 dolo-

96 2858 100 2864 ἱ
111 2817 160 2847 rem
173 2807 195 2847 et
208 2802 363 2847 humilitatem
374 2805 434 2846 lesus
444 2803 484 2861 qui
494 2802 578 2846 indidit
594 2803 673 2846 videns
685 2817 737 2846 cum
748 2803 875 2862 alloquitur
887 2817 892 2848 ε
908 2804 998 2848 confide
1055 2826 1059 2833 ι

112 2874 152 2927 fili,
165 2874 262 2918 remissa
271 2877 325 2918 sunt
334 2877 374 2918 tua
383 2877 486 2933 peccata.
499 2877 568 2918 Nemo
578 2875 745 2933 prophetarum
756 2889 860 2933 unquam
868 2874 901 2920 ita
911 2877 998 2920 locutus

112 2949 155 2989 est:
171 2949 231 2988 lesus
249 2949 325 2990 autem
342 2962 368 2990 ea
387 2960 443 2990 voce
464 2960 487 2989 se
504 2945 607 2989 declarat
627 2961 679 2991 cum
698 2961 767 3005 quem
784 2950 878 2991 Ioannes
898 2947 999 3007 baptista
1049 2988 1051 2992 ,

112 3015 200 3059 dixerat
212 3030 216 3059 :
229 3031 280 3059 ecce
291 3032 364 3075 agnus
376 3018 422 3073 Dei,
436 3033 487 3062 ecce
497 3017 538 3077 qui
548 3017 609 3061 tollit
621 3019 742 3077 peccatum
751 3015 912 3077 0111011110οῃ.
927 3021 996 3076 129),

112 3090 133 3130 01
146 3088 240 3146 insuper
255 3086 343 3131 indicat
358 3089 405 3133 iam
422 3089 554 3135 illucescere
571 3092 662 3150 tempus
679 3091 817 3134 messianum
837 3090 922 3150 quippe
936 3089 997 3148 quod

111 3160 238 3217 prophetae
255 3160 375 3217 tamquam
389 3164 481 3220 tempus
494 3160 634 3206 remissionis
646 3165 793 3221 peccatorum
807 3161 924 3205 vaticinati
940 3161 995 3215 sint,
