2239 3511
103 186 141 226 258
433 197 434 200 ’
457 196 533 225 5555555.
549 186 567 231 5
582 185 614 224 22.

101 285 200 330 Christus
213 286 281 328 virtut
272 285 391 329 teconfert
403 285 552 342 153555555555
565 283 675 328 moralem
689 298 740 327 enm
753 284 941 349 555555555551555
951 285 972 328 51

101 355 196 399 ostendit
187 355 304 415 1555555
298 370 346 399 5555
363 356 430 400 modo
446 370 469 400 se
485 355 571 399 illamt
562 354 690 399 traderect
701 354 817 398 declarare
832 353 868 413 (de
882 354 971 412 legibus

101 431 151 478 111,2
156 426 204 487 .3;1
219 441 274 487 15555
287 442 357 471 5555555
374 428 415 487 1555
405 442 492 472 cluse
492 426 609 485 1555155555
621 441 660 471 cccc
677 441 728 470 55555
740 425 868 470 5551555155
859 438 893 480 5,
905 425 983 469 5551555

100 497 219 542 55551555
187 501 219 542 555
231 499 265 542 555
271 500 332 559 ,qui
346 514 412 556 5535,
430 499 504 558 inquit
517 500 540 543 S.
558 499 610 544 01555
583 513 635 558 5515.
666 496 886 542 radicemexseindit
898 497 970 541 multo
991 539 992 542 ,

97 569 172 626 magis
185 584 259 614 ramos
272 571 369 625 55515555,
384 536 455 616 inimo
473 586 526 620 uero
537 566 616 686 nleqne¹
628 569 689 615 nasci
702 569 764 624 sinit,
785 571 818 613 555
832 569 910 627 itaque
923 584 969 612 non

98 640 164 684 irasci
180 642 288 702 perfectio
303 658 328 703 ac
341 644 531 725 complementum
548 642 605 700 legis
621 641 678 702 (sim
695 642 719 687 S
736 641 775 686 0155
769 655 824 685 5.5555
843 639 894 684 Alb
913 643 966 685 [155.

101 712 152 771 81155
157 711 181 772 ..1
194 714 319 774 Estiaque
331 718 416 760 55555
425 715 597 775 pharisaeorum
610 728 656 758 non
669 712 799 768 occidere,'
794 712 881 756 instita
891 714 968 756 autem

98 782 197 843 discipu
198 801 263 830 orum
274 788 355 831 Christi
365 802 393 831 ne
403 802 469 831 555555
463 786 570 846 quidem
581 785 614 845 (S
626 787 663 830 Bt.
681 786 765 844 11555
730 783 820 843 555111
815 783 971 837 nasciautem

99 857 131 897 est
138 855 217 910 odisse,
227 861 296 916 prout
305 862 326 902 S.
338 861 432 902 loannes
441 857 496 901 dicit
507 872 511 902 :
521 857 592 900 omnis
601 857 641 916 qui
648 856 695 900 odit
704 857 795 900 tratrem
805 870 879 909 suum,
892 855 968 900 homi-

98 925 149 969 cida
161 927 224 987 55511
239 931 300 973 15555.
313 928 375 984 3,15;
387 931 414 974 S.
427 928 485 987 ran).
497 928 581 972 Dicitur
589 926 658 986 fratri
669 926 746 981 irasci,
760 942 786 970 ea
798 927 847 971 scil.
861 927 966 986 5555155555

97 1000 184 1055 15553551
196 1013 249 1042 cum
260 999 379 1045 dilectione
392 1000 442 1045 aliis
451 999 544 1055 debita,
559 998 619 1043 zelus
631 1014 676 1058 quo
687 999 737 1058 quis
750 1012 796 1041 non
807 999 913 1052 fratrem,
927 998 966 1042 scd

60 1079 62 1084 “
98 1067 151 1111 55155
165 1072 315 1130 prosequitur,
327 1087 374 1116 non
387 1070 525 1129 5555551535
538 1071 618 1114 Christi
630 1069 754 1130 prohibita.
770 1071 825 1113 05555
835 1083 890 1112 vero
904 1069 966 1113 Chri·
1000 1119 1002 1121 ,

97 1141 142 1182 55555
152 1140 210 1184 iram
223 1141 345 1202 odiumque
358 1143 437 1187 eodem
451 1157 535 1202 poenae
549 1156 631 1199 genere
641 1143 791 1201 prosequetur
801 1156 846 1200 quo
855 1141 891 1184 lex
903 1144 966 1184 vetus
990 1193 992 1195 1

97 1210 253 1266 homicidium,
265 1213 329 1259 docet
339 1217 404 1259 asuis
412 1214 494 1259 'eodem
503 1214 576 1259 studio
583 1213 642 1257 iram
653 1226 698 1257 5555
708 1211 824 1257 vitandam
834 1227 878 1270 quo
888 1213 966 1270 1515555-
1014 1264 1016 1266 ¹

97 1283 142 1325 saei
157 1282 307 1329 homicidium
320 1301 367 1330 csse
379 1286 498 1331 vitandum
510 1285 600 1340 docent,
615 1287 690 1328 actum
704 1285 818 1327 internum
831 1297 907 1326 coram
920 1286 965 1327 Deo

97 1367 143 1397 5555
158 1370 233 1413 poena
250 1356 345 1414 dignum
367 1360 389 1402 55
408 1358 551 1417 aequiparari
566 1356 690 1400 homicidio
709 1371 735 1399 55
750 1355 836 1399 ratione
856 1356 909 1414 qnia
925 1357 965 1415 qui

96 1425 170 1482 magis
183 1430 215 1471 555
224 1427 316 1473 edoctus
327 1433 349 1473 51
357 1429 505 1489 amplioribus
517 1427 596 1486 gratiis
607 1430 639 1472 551
647 1428 768 1470 5551555155
782 1427 892 1470 maiorem
910 1443 963 1486 poe-

95 1511 149 1540 nam
162 1498 266 1549 incurrit.
285 1500 447 1545 Perlectionenn
462 1501 514 1544 nori
532 1498 629 1543 foederis
642 1498 740 1549 0155555555
752 1513 778 1541 55
792 1498 892 1542 declarat
902 1500 964 1558 quod

94 1569 152 1612 iram
165 1584 191 1613 eo
211 1570 278 1614 modo
296 1572 391 1616 iudicari
409 1571 463 1616 dicit
476 1587 520 1631 quo
536 1560 684 1615 homicidium
696 1570 721 1613 in
738 1572 821 1613 vetere,
839 1573 876 1613 Est
891 1570 963 1628 igitur

94 1643 233 1699 comparatio
242 1643 353 1701 5155551555
361 1643 389 1687 551
400 1648 490 1703 captum
501 1642 630 1692 auditorum
639 1644 699 1701 51555.
711 1644 782 1692 citare
791 1657 846 1686 rcus
853 1641 896 1685 5551
904 1643 963 1687 555511-

94 1711 126 1754 5555
139 1712 217 1757 codem
229 1713 296 1758 modo
309 1715 408 1772 intellige
419 1730 464 1774 51555
478 1714 563 1758 dictum
576 1717 607 1757 est
621 1713 645 1756 in
657 1728 679 1756 v.
694 1718 730 1757 21.
743 1715 773 1756 115
786 1713 870 1757 iudicio
886 1713 961 1758 51555555

92 1782 221 1828 immediate
233 1783 431 1845 cogitari'nequit,
450 1800 504 1829 nam
520 1799 546 1829 en
557 1786 660 1843 sequenti
669 1799 759 1843 quoque
772 1785 875 1828 membro
886 1786 961 1829 mani-

91 1852 173 1896 festum
183 1858 215 1899 est
227 1856 313 1900 institui
325 1857 519 1916 comparationem·
526 1854 705 1913 gravitatemque
716 1855 763 1898 irae
776 1854 886 1899 declarari
898 1856 960 1899 simi-

91 1923 186 1968 litudine
197 1926 324 1970 facinorum
334 1942 392 1986 quae
399 1929 448 1971 iure
459 1927 520 1986 apud
532 1926 625 1970 Iudaeos
637 1929 728 1985 recepto
738 1925 774 1969 vel
782 1925 866 1969 iudicio
876 1926 900 1970 in
913 1927 959 1971 sin-

90 1994 149 2051 gulis
159 1996 253 2040 urbibus
262 1997 364 2042 instituto
374 1999 409 2043 vel
421 1999 493 2042 solum
506 2012 610 2057 supremo
620 1996 729 2041 tribunali
738 1996 834 2041 iudicari
843 1999 956 2056 poterant.

89 2065 122 2108 hd
135 2066 194 2111 hanc
209 2071 285 2111 autem
302 2071 495 2128 comparationem
510 2084 647 2127 consequens
661 2069 798 2112 5515555555
810 2083 894 2125 genere
904 2084 955 2124 suc,

89 2140 113 2180 ut
121 2137 222 2197 theologi
233 2139 364 2198 loquuntur,
378 2156 423 2185 5555
432 2143 549 2200 peccatum
559 2140 662 2184 mortale.
701 2135 703 2137 ’

117 2211 141 2252 ln
154 2210 203 2268 ipsa
213 2211 248 2254 ira
258 2200 428 2269 distinguuntur
438 2212 533 2270 35551555;
546 2211 633 2271 primus
650 2214 682 2255 est
695 2211 771 2255 animo
784 2211 852 2266 iram,
865 2211 955 2267 odium,

86 2279 215 2326 inimicitias
228 2297 307 2339 gerere
322 2285 437 2328 55155555.
451 2284 513 2328 Alius
529 2284 593 2343 isque
607 2284 700 2341 3555555
713 2285 745 2327 551
759 2283 851 2341 quando
865 2285 915 2342 quis
928 2284 959 2339 ad⁴

87 2367 128 2395 con
129 2354 207 2397 55555551
209 2368 251 2397 asc
253 2355 355 2413 11555155
364 2354 527 2414 progreditur:
539 2355 663 2414 1555551555
674 2354 834 2410 (1555551115155
842 2370 882 2397 5555
892 2371 954 2411 raca,

87 2438 137 2466 55555
148 2439 180 2483 err
174 2424 232 2468 item
234 2425 309 2480 tuitio,
321 2441 395 2469 uraca
411 2426 494 2469 dicitur
506 2424 583 2473 5555155.
599 2441 618 2469 e.
631 2426 715 2481 inanis,
726 2440 821 2480 vacuus,
834 2440 902 2484 quem
915 2440 956 2470 nos

85 2508 204 2552 possumus
216 2461 406 2551 5513151555555155
419 2496 502 2555 absque
513 2496 598 2541 cerebro
609 2511 741 2555 nuncupare
753 2514 763 2537 5
776 2497 808 2555 (S.
824 2496 910 2555 Hier),
923 2501 955 2541 551

85 2567 241 2610 aramaicum
235 2575 294 2630 55151,
305 2582 347 2611 vox
364 2567 526 2612 contumeliosa
542 2563 594 2612 satis
611 2569 635 2611 in
649 2582 691 2612 usu
710 2568 794 2628 posita,
810 2570 843 2613 5555
859 2584 885 2613 ex
900 2570 954 2614 locis

84 2643 244 2702 apudBaetor
198 2645 353 2705 55(55·1’,11551
351 2662 374 2691 5
386 2646 622 2706 225515511155111
639 2661 658 2690 c
675 2661 697 2705 p
715 2646 766 2706 28111
785 2647 952 2705 155110155151

83 2717 269 2775 11555555151115.
284 2717 953 2777 52215115551555(1.5515555555555555515555555555555555555555

83 2785 110 2828 de
124 2788 253 2844 stupiditate
267 2792 289 2831 et
300 2789 449 2844 hebetudine,
464 2789 492 2848 cle
511 2790 600 2834 inscitia
614 2793 635 2834 55
651 2790 782 2846 ignorantia
795 2790 898 2844 alterius3
917 2793 952 2837 di-

82 2857 165 2913 rigitur
177 2859 253 2917 itaque
266 2863 343 2904 contra
355 2861 442 2905 bonum
453 2862 545 2906 rationis
556 2864 577 2904 51
589 2861 715 2905 intellectus
732 2875 776 2919 quo
790 2862 859 2907 homo
873 2862 951 2908 distin-

80 2928 159 2984 guitur
169 2944 182 2971 a
192 2930 275 2974 hestiis.
288 2933 350 2975 Unde
365 2933 514 2992 opprobrium
525 2948 594 2990 grave
604 2933 693 2976 homini
701 2933 803 2987 5555551,5
795 2949 865 3050 51555511
874 2936 951 2992 35511-

78 3003 147 3043 tatem
166 2999 265 3045 01555555
279 3002 379 3046 declarat
393 3004 500 3060 555515
516 3004 567 3048 5155
580 3004 627 3048 5551
645 3004 729 3047 crimen
746 3007 865 3050 committit
847 3006 951 3066 1q,uod

81 3073 185 3129 graviore
193 3075 252 3115 mort
253 3072 272 3116 55
280 3087 353 3131 poena
364 3089 377 3117 5
388 3040 821 3135 515551555151555151555555.8155515555]
834 3092 949 3121 summum

80 3147 152 3187 55551
119 3144 245 3188 ttribunal
251 3145 332 3203 ,quod
348 3149 429 3189 55555555
402 3146 513 3190 5555551555
505 3148 590 3206 55155551
575 3147 699 3203 55535515
685 3148 738 3203 5555,
754 3150 893 3204 sacerdotes,
915 3164 948 3193 se-
