2211 3575
466 273 468 278 ,
488 252 564 282 uarru.
580 241 600 290 8,
616 242 636 280 t.
836 226 838 228 ’
960 241 998 287 367
1015 241 1017 247 “

119 342 216 392 tantiam,
228 343 371 392 obsessorum,
379 342 657 397 paralyticorumldeclarari
664 354 726 395 posse
735 342 768 382 vir
779 339 995 389 doctuscenset,·scil.

118 410 144 447 ut
152 408 256 450 morbiac
268 408 352 450 dolores
366 410 456 450 maxima
468 409 488 449 vi
501 411 521 448 el
531 408 667 461 contentione
681 408 843 463 imaginationis
852 410 873 448 et
882 406 998 447 voluntatis

118 473 226 513 tollantur.
237 474 263 513 At
276 474 403 515 miraculum
417 475 496 515 factum
511 485 565 529 esse,
581 473 665 513 criticus
678 473 753 524 nequit
765 462 884 513 admittere.
897 472 946 513 Ideo
957 466 1008 511 alia*
1040 487 1041 490 ¹

119 539 230 590 explicatio
238 541 360 590 quaerenda
366 543 408 590 est3
417 538 521 580 contineri
528 538 551 577 in
558 549 580 577 re
586 540 670 577 narrata
677 537 805 577 memoriam
813 540 901 578 eventus
909 536 996 588 alterius

117 604 212 656 generis;
223 616 270 644 nam
283 605 391 659 καθαρίζων,
403 605 435 645 uti
447 604 507 644 hebr.
519 613 565 661 epu
579 604 627 643 Lev.
639 603 692 651 lat.
702 604 734 642 13.
742 604 775 643 17.
787 603 821 642 23.
829 603 863 642 28.
875 603 907 641 34.
919 603 950 641 37.
962 603 995 651 59,

118 677 139 714 et
148 675 193 731 Act.
208 675 267 724 abab
278 679 299 716 et
311 678 359 724 ll,9
367 676 486 728 ,significare
498 673 600 738 arraudum
610 672 764 725 dectur·ure,.uti
777 672 852 723 μιαίνειν
863 672 996 713 immundum

75 766 76 769 ,
118 739 230 781 declarare.
242 742 307 788 Quare
319 741 388 788 illum,
400 752 426 781 ne
436 751 503 792 usque
516 740 539 780 in
549 739 665 780 Ierusalem
676 740 716 779 iter
726 739 841 779 instituere
852 738 945 785 deberet,
957 749 996 790 pc-

44 789 46 794 *
109 805 208 855 'stulasse
216 818 227 845 a
234 807 281 846 Iesu
289 809 420 858 tamquama
427 806 512 846 doctore
521 817 560 845 seu
567 797 634 852 rabbi,
642 807 666 845 ut
672 817 710 856 pro
719 799 846 844 auctoritate
854 803 996 844 declararetur

117 870 297 924 munduspidque
308 872 382 911 Iesum
392 871 522 924 praestitisse
530 879 577 911 'non
588 871 656 910 solum
667 865 736 919 v'erbo,
746 865 814 910 sedre
823 870 875 922 ipsa,
887 866 937 909 dum
946 879 996 908 eum
1051 920 1053 923 ι

116 935 140 974 in
149 936 293 976 testimonium
302 936 417 977 munditiei
425 939 528 989 tangeret;
540 939 562 976 at
571 938 643 977 lesum
650 936 742 976 noluisse
751 936 794 988 legi
806 936 918 988 derogare·
930 946 995 986 quare

116 1001 226 1041 mandasse
238 1004 263 1042 ut
270 1000 317 1042 ‘sese‘
326 1003 447 1043 ostenderet
455 1002 561 1043 sacerdoti
573 1005 594 1042 et
602 1013 628 1041 ne
638 1002 671 1042 eui
681 1002 760 1050 diceret
770 1012 792 1041 se
801 1002 844 1041 iam
854 1002 880 1041 ab
891 1001 937 1052 ipso
948 1011 994 1039 esse
1057 1019 1059 1025 v
1079 990 1095 1023 α’

115 1067 221 1112 muudum
231 1067 371 1107 declaratum.
380 1069 433 1119 Erga
441 1070 537 1119 uterque,
546 1067 620 1107 virilia
628 1068 720 1115 etlesus‚
728 1078 775 1106 rem
782 1066 895 1106 ridiculam
902 1068 923 1106 et
933 1066 994 1117 plane
1042 1079 1043 1082 ¹

115 1130 215 1171 inutilem
230 1132 324 1172 iecisselt
340 1136 361 1172 et
374 1133 434 1182 blare.
452 1134 498 1180 lat
513 1130 572 1185 (Luc.
589 1131 644 1185 ΜΒ)
659 1132 714 1171 lama
728 1131 827 1171 miraculi
837 1132 899 1182 longe
910 1131 993 1181 lateque

115 1195 226 1247 spargitur.
234 1196 303 1236 Simili
309 1197 375 1237 modo
383 1196 418 1237 alii
426 1194 516 1248 quoque,
526 1197 558 1235 uti
567 1196 634 1248 Irata,
643 1196 789 1236 narrationem
798 1196 908 1236 destruere
918 1207 994 1234 conan-

114 1263 157 1308 tur,
171 1261 269 1313 illiusque
279 1262 385 1314 originem
399 1262 501 1313 explicare
516 1272 540 1301 ex
554 1273 629 1301 norma
639 1261 715 1302 veteris
728 1261 860 1301 testamenti.
873 1261 899 1300 At
909 1261 992 1300 frustra.

141 1326 194 1365 Nam
213 1328 256 1367 tota
274 1327 367 1367 narratio
387 1327 416 1376 ita
431 1329 463 1366 est
479 1319 620 1373 conformata,
637 1329 660 1367 ut
680 1328 770 1378 nequeat
793 1326 902 1378 explanari
920 1316 993 1376 neque
1036 1343 1038 1347 Α

119 1400 175 1428 exre
186 1389 249 1428 simili
259 1388 281 1427 in
289 1391 362 1428 vetere
372 1390 498 1428 testamento
508 1400 580 1439 neque
591 1400 616 1428 ex
625 1388 782 1440 exspectatione
793 1387 899 1428 messiane
908 1387 994 1432 Iudaeo-
1011 1417 1013 1419 .

119 1466 172 1494 rum.
187 1454 271 1506 Leprosi
281 1454 306 1493 ab
324 1453 383 1493 omni
393 1453 505 1493 hominum
516 1453 618 1493 societate
629 1453 707 1493 exclusi
718 1450 788 1502 erant}
800 1453 818 1492 si
832 1453 869 1504 qui
879 1452 993 1504 appropin-

62 1517 63 1520 ’
119 1519 242 1571 quarentad
252 1519 371 1570 leprosum,
384 1519 418 1558 ille
427 1519 516 1558 clamare
525 1518 617 1558 debebat
627 1530 631 1557 ε
642 1519 775 1566 immundus,
788 1520 812 1558 ut
822 1518 853 1557 illi
863 1506 999 1558 recederent.¹

118 1585 148 1623 Ex
162 1583 296 1624 rabbinorum
311 1583 395 1635 placitis
412 1584 479 1635 spatio
496 1595 532 1636 sex
542 1583 623 1634 pedum
638 1596 650 1622 a
665 1584 748 1635 leproso
763 1583 910 1634 unusquisque
920 1582 992 1622 abesse
1025 1584 1027 1588 ’

119 1649 217 1696 debebat,
229 1649 265 1689 sed
275 1649 293 1688 si
300 1650 379 1688 ventus
389 1649 448 1688 flaret
460 1660 470 1688 e
480 1648 567 1700 regione
576 1648 663 1700 leprosi,
675 1648 749 1688 saltem
760 1650 847 1689 centurn
858 1647 937 1699 pedum
947 1659 993 1699 spa·
1006 1660 1008 1663 ⁴

117 1714 172 1754 tium
182 1703 335 1765 requirebatur.
347 1714 412 1760 Quam
420 1714 468 1753 duri
477 1714 557 1753 fuerint
567 1705 649 1753 rabbini
660 1714 750 1764 quidam
757 1714 779 1752 in
787 1714 892 1764 leprosos,
902 1705 992 1764 querum

118 1769 204 1819 morbus
215 1779 300 1819 attribui
315 1778 395 1818 solebat
410 1778 510 1830 peccatis
527 1779 626 1830 exempla
641 1778 744 1829 quaedam
760 1777 887 1826 afferuntur3
897 1778 990 1817 noluisse

90 1845 91 1848 ’
118 1844 226 1884 doctorem
237 1841 350 1895 quendam
360 1844 469 1883 comedere
487 1855 550 1888 orum
568 1846 663 1895 amptum
673 1842 695 1882 in
709 1855 733 1883 ea
749 1843 837 1895 regione
848 1842 905 1883 urbis
916 1843 937 1883 in
946 1835 993 1894 'qua

117 1913 162 1950 erat
170 1910 274 1961 leprosus
284 1909 351 1949 alium
364 1920 409 1949 esse
420 1909 533 1960 gloriatum
547 1904 700 1970 quodsqsemper
712 1909 795 1960 lapides
806 1909 828 1947 in
838 1909 932 1959 leprosos
942 1920 993 1959 ραυ-4

117 1975 199 2015 iecisset
214 1986 255 2026 quo
267 1975 373 2026 longiusa
387 1975 541 2014 se'recederent
551 1973 597 2025 (Ed.
610 1975 647 2026 lp.
659 1976 713 2027 495),
724 1974 756 2013 Ad
766 1975 836 2014 Iesum
846 1976 917 2013 autern
929 1973 992 2013 audet

116 2041 211 2092 leprosus
221 2040 397 2089 accedere31esus
408 2037 534 2092 eum'tangit
543 2042 565 2079 et
575 2040 639 2079 verbo
650 2042 713 2079 sanat.
724 2040 764 2079 Pro
777 2035 820 2091 qua
829 2050 851 2078 re
860 2039 913 2078 nihil
924 2039 992 2078 simile

96 2105 98 2107 ’
115 2106 185 2146 afferri
195 2107 270 2156 potest.
287 2106 370 2157 Moyses
381 2105 468 2156 quidem
478 2104 591 2145 intercedit
605 2116 643 2156 pro
655 2116 725 2144 sorore
737 2115 792 2156 quae
803 2104 861 2156 lepra
870 2106 902 2143 est
916 2104 992 2157 aillicta

97 2216 99 2219 ¹
115 2171 137 2210 in
147 2182 246 2222 poenam;
255 2173 276 2210 at
285 2172 340 2211 Deus
350 2171 410 2210 iubet
420 2182 466 2210 eam
474 2170 570 2222 separari
579 2181 617 2221 per
628 2172 708 2222 septem
717 2170 770 2216 dies,
782 2169 865 2209 Eliseus
872 2181 914 2208 non
924 2169 991 2221 tangit

114 2237 207 2276 Naaman
216 2236 333 2287 leprosum,
350 2247 419 2286 neque
436 2235 526 2275 adeum
543 2235 634 2283 accedit,
651 2236 687 2275 sed
700 2235 767 2275 mittit
782 2235 884 2274 nuntium
900 2246 991 2285 eumque

113 2300 174 2339 iubet
183 2300 245 2339 lavari
255 2300 333 2352 septies
344 2300 366 2338 in
376 2299 473 2350 Iordane;
485 2300 511 2339 cf.
527 2301 592 2339 Num.
607 2301 713 2348 lale-15.
722 2302 735 2338 d
745 2301 797 2351 Reg.
809 2300 865 2348 alo,
876 2299 934 2346 Quod
943 2299 989 2338 aliis

113 2358 241 2417 quandoque
251 2365 331 2417 placuit
341 2365 363 2404 in
374 2376 398 2404 ea
413 2365 531 2405 narratione
547 2365 616 2418 solum
634 2365 870 2417 proponisymbolum,
883 2364 990 2415 quomodo

112 2431 156 2470 scil¹
171 2430 271 2471 atlhristo
283 2421 370 2483 sanetur
386 2432 406 2470 et
421 2430 525 2471 auferatur
540 2430 600 2482 lepra
612 2426 707 2483 peccati,
721 2441 834 2482 perperam
847 2430 989 2482 excogitatum

112 2499 150 2536 est.
163 2496 214 2536 Cum
222 2508 246 2536 ea
256 2496 461 2548 enimexplicatione
478 2496 553 2549 nequit
564 2496 677 2537 consistere
688 2496 745 2548 quod
756 2485 848 2544 dicitur,
860 2498 883 2536 ut
894 2496 989 2548 leprosus

111 2572 134 2600 ee
150 2561 247 2600 ostendat
262 2562 408 2602 sacerdotibus
425 2562 446 2601 in
461 2552 667 2603 testimonium'illis
684 2550 733 2615 (8,l)
750 2573 821 2613 nequa
833 2562 889 2613 quod
903 2562 989 2601 iubetur

111 2625 242 2666 sanationem
257 2625 332 2666 iactam
350 2626 434 2667 silentio
451 2639 547 2679 premere
562 2627 632 2680 (Marc.
645 2626 707 2679 idi).
723 2627 786 2667 Hisee
797 2627 853 2666 enim
867 2625 938 2678 aperte
950 2627 987 2666 de-

111 2693 243 2731 monstratur
253 2691 393 2743 evangelistas
404 2695 501 2733 eventum
510 2693 574 2732 illum
585 2695 608 2732 ut
617 2704 662 2732 rem
673 2704 720 2732 rere
730 2694 814 2743 gestam
825 2703 909 2731 narrare
920 2692 973 2731 velle

111 2752 245 2810 nequaquam
256 2756 323 2796 solum
335 2757 454 2807 symbolum
464 2769 590 2810 proponere.

138 2909 202 2959 Quod
219 2908 355 2970 explicatum
373 2912 405 2953 est
420 2909 444 2953 tu
461 2910 619 2954 testimouium
636 2909 682 2954 illia
698 2910 756 2955 bene
775 2925 904 2968 congruere
917 2911 946 2956 ad
963 2913 987 2956 id

107 2979 170 3039 quod
184 2980 305 3025 llatthaeus
320 2980 420 3026 intendit
434 2996 479 3025 non
495 2987 549 3039 eget
565 2981 728 3036 declaratione3
741 2981 892 3028 confirmatur
907 2998 987 3028 narra-

106 3052 168 3095 tione
178 3065 268 3110 quoque
278 3052 413 3108 subiuncta,
427 3068 472 3113 qua
488 3052 564 3097 denuo
577 3053 702 3097 ostenditur
714 3053 813 3098 ludaeos
830 3054 931 3099 excusari
941 3070 985 3098 non

107 3137 173 3180 posse
192 3123 209 3167 si
224 3137 270 3166 non
284 3123 381 3167 credant
395 3127 416 3168 et
430 3125 473 3169 hac
491 3114 531 3169 sua
545 3123 681 3169 infidelitate
695 3125 788 3169 demum
800 3125 916 3170 exclusum
931 3126 959 3168 iri
972 3140 984 3168 a

106 3207 179 3250 regno
196 3194 241 3238 Dei.
259 3194 332 3238 lltiam
354 3195 416 3252 apud
432 3199 511 3240 Lucam
527 3199 566 3251 r‚1
583 3196 688 3240 Christus
699 3210 811 3241 sermone·
822 3197 900 3241 habito
916 3196 985 3239 intrat
