2239 3511
61 232 63 236 ’
90 231 128 283 488
383 269 385 273 ,
427 210 617 277 1111111111.
643 235 645 238 ’

92 332 172 389 gallus
186 346 211 374 ac
228 329 346 379 beneficiis
360 343 374 372 a
391 317 435 373 Deo
448 344 503 388 prae
517 329 596 373 ceteris
611 328 694 374 veteris
706 319 964 388 testamenti'prophetis

30 392 32 395 ’
92 401 290 445 essedecoratum.
332 410 335 413 “
421 392 443 396 ”
773 400 786 406 ”
913 419 917 423 ⁴
959 390 960 393 ’

116 513 136 552 S.
148 514 250 553 loannem
261 513 371 554 sanctitate
384 525 467 565 quoque
481 514 558 554 eximia
567 513 632 553 fuisse
644 515 724 565 eertum
735 516 773 553 est.
785 515 835 554 Eam
847 513 888 552 iam
900 524 962 564 ange·
973 545 978 559 ,

90 579 122 618 lus
132 578 300 630 praedicit:erit
314 579 371 618 enim
387 571 476 630 magnus
491 590 560 619 coram
572 579 693 619 Domino‘et
705 578 779 619 vinum
790 580 810 619 et
823 578 911 618 siceram
921 589 962 618 non
1022 625 1026 628 ‚
1076 621 1078 623 ¹

90 644 148 683 bibet
161 646 181 683 et
194 644 274 695 Spiritu
292 647 363 683 sancto
378 643 495 695 replebitur
509 644 578 701 adhuc
593 656 617 684 en
631 646 690 684 utero
703 643 775 683 matris
791 643 847 696 (huo.
862 641 924 695 1³15),
939 653 964 683 ea

88 709 189 760 probatur
205 708 259 748 uitae
271 709 354 748 ratione
368 711 389 748 et
402 709 479 749 eximio
496 709 532 749 illo
546 703 690 762 praecursoris
704 720 802 758 munere;
816 711 865 747 nam
874 708 963 759 insignis

89 774 124 813 illa
133 773 215 813 vocatio
226 774 333 825 insignem
343 786 428 826 quoque
439 775 571 815 sanctitatem
581 776 674 826 postulat
684 774 725 814 nisi
735 774 784 825 quis
793 773 882 814 absurde
892 772 963 812 dicere

88 839 178 878 voluerit
186 850 228 878 non
237 839 303 879 fuisse
312 839 361 878 satis
371 839 489 879 consultum
499 839 597 890 dignitati
606 835 690 879 Christi.
702 840 769 887 Quare
779 839 853 879 merito
861 837 964 879 S..Patres

88 904 212 959 multisunt
228 904 249 942 in
264 904 362 943 laudibus
379 902 468 942 eximiae
485 903 530 942 eius
544 904 666 942 sanctitatis.
687 905 792 944 Salutatur
810 915 827 943 v.
842 917 862 955 g.
879 903 937 942 hisce
951 913 964 940 a

88 967 111 1007 S.
123 966 246 1019 Clirpnolouo
258 967 330 1021 (serm.
342 968 391 1015 lam
408 969 435 1007 11.
447 966 528 1020 babel)
541 963 568 1007 :n
582 968 671 1008 Ioannes
685 957 789 1008 uirtutum
803 969 883 1016 schola,
895 968 962 1019 magi-

88 1032 174 1073 sterium
184 1032 245 1081 vitae,
258 1033 373 1078 sanctitatis
383 1032 458 1081 forma,
469 1044 544 1073 norma
553 1033 653 1081 iustitiae,
663 1032 790 1085 virginitatis
799 1033 914 1088 specuium,
926 1043 963 1083 pu·

88 1098 172 1138 (licitiae
182 1097 266 1146 titulus,
279 1098 381 1137 castitatis
392 1098 523 1150 exemplum,
536 1098 681 1150 poenitentiae
694 1099 737 1147 via,
746 1100 882 1150 peccatorum
891 1097 959 1145 venia,

87 1163 136 1203 fidei
147 1163 268 1215 disciplina3
277 1155 444 1214 Ioannesmaior
452 1163 545 1219 homine,
557 1175 594 1215 par
602 1164 689 1223 angelis,
700 1163 752 1215 legis
761 1174 849 1212 summa,
859 1161 961 1214 euangelii

82 1228 177 1277 sanctio,
187 1229 334 1280 apostolorum
344 1240 396 1277 vox,
408 1239 535 1287 praecursor
544 1224 633 1278 utristi,
645 1230 733 1268 metator
742 1228 833 1277 Domini,
844 1228 905 1268 testis
915 1227 961 1275 Dei,
1014 1277 1016 1280 g
1081 1274 1083 1277 .

87 1292 151 1333 totius
160 1293 243 1333 medius
254 1293 275 1347 (i.
289 1293 419 1346 enuntias)
429 1293 537 1350 Trinitatis
546 1309 556 1331 a
565 1293 616 1347 (quo
627 1293 671 1333 scil.
684 1293 797 1342 mediante,
807 1293 858 1333 dum
868 1292 962 1333 Christus

87 1357 370 1410 baptizatur‚>totainnotuit
380 1357 491 1410 Trinitas).
503 1358 572 1409 Atque
583 1358 609 1398 de
619 1359 663 1399 eius
674 1348 782 1398 sanctitate
792 1358 887 1410 pluribus
896 1359 962 1409 agunt

45 1418 46 1422 ’
87 1422 182 1462 adductis
198 1423 313 1463 multorum
327 1423 347 1462 S.
362 1423 447 1462 Patrum
464 1423 592 1463 testimoniis
607 1422 624 1462 d.
643 1423 733 1464 Caninius
749 1422 961 1474 (Commentariorum

87 1488 112 1527 de
123 1488 182 1527 verbi
192 1488 230 1536 Dei
242 1487 379 1540 corruptelis,
390 1487 445 1527 liber
454 1488 546 1539 primus,
558 1488 579 1527 in
591 1499 632 1538 quo
643 1487 669 1527 de
681 1487 807 1527 sanctissimi
819 1488 961 1541 praecursoris

85 1551 168 1592 Domini
181 1552 265 1592 Ioannis
275 1553 296 1591 b.
309 1551 409 1599 historia,
422 1552 517 1604 Dilingae
532 1553 581 1592 1571
595 1564 616 1604 p.
630 1552 669 1592 tau
682 1550 744 1605 serp),
755 1553 806 1592 Bur.
818 1552 873 1604 Sata.
887 1552 962 1592 Suanos

86 1617 115 1668 [in
128 1618 171 1668 3p.
183 1617 203 1656 S.
216 1617 253 1656 Th.
267 1628 301 1668 qu.
314 1618 340 1657 38
350 1618 388 1656 art.
401 1619 421 1665 l,
433 1617 487 1668 disp.
502 1617 528 1656 hd
539 1618 589 1657 sect.
600 1618 631 1669 3),
643 1617 679 1668 qui
693 1617 779 1672 quidem
794 1617 865 1657 statuit
878 1628 924 1656 esse
935 1617 961 1656 de

85 1683 126 1722 fide
137 1683 238 1721 loannem
248 1681 381 1733 dignioribus
391 1683 412 1721 et
422 1682 608 1722 excellentioribus
620 1681 697 1722 sanctis
707 1684 729 1722 et
737 1683 775 1722 Dei
785 1682 858 1722 amicis
869 1683 918 1722 esse
923 1692 960 1721 an·

85 1747 240 1787 numerandum
258 1748 279 1786 ct
292 1758 337 1787 esse
352 1746 468 1786 verisimile
483 1758 582 1798 superare
599 1758 673 1786 omnes
688 1747 786 1798 antiquos
800 1747 928 1798 patriarchas
940 1748 961 1786 et

85 1812 197 1868 prophetas
207 1813 228 1850 et
241 1813 321 1862 absque
331 1811 409 1851 iniuria
419 1823 481 1863 posse
492 1811 649 1863 cnm'apostolis
659 1814 679 1859 et
687 1812 774 1862 reliquis
785 1812 861 1852 sanctis
871 1811 920 1851 novi
929 1813 960 1850 te-

86 1877 184 1917 stamenti
194 1876 284 1916 conferri
296 1874 318 1928 (l.
329 1888 346 1916 c.
357 1870 378 1914 n.
390 1878 409 1915 2.
423 1876 463 1928 la).
611 1929 612 1933 Ἰ

112 1941 152 1981 Sed
167 1941 238 1992 quaeri
255 1942 326 1996 potest
341 1939 475 1980 vocaveritne
494 1951 541 1980 eum
555 1940 647 1981 Christus
663 1941 765 1980 maiorem
778 1942 833 1981 inter
845 1942 903 1980 natos
916 1952 961 1981 rnu-

85 2006 163 2046 lierum
172 2005 254 2045 ratione
268 2004 340 2045 habita
355 2005 474 2060 sanctitatis
486 2004 540 2046 vitae
553 2016 685 2056 morumque.
696 2005 749 2045 Sunt
763 2005 841 2057 quiite
852 2009 959 2053 censeant;

77 2071 121 2111 -illa
131 2071 188 2110 enim
200 2071 264 2110 verba
274 2082 294 2109 v.
306 2082 326 2121 g.
339 2068 361 2109 S.
374 2067 463 2120 Curium
477 2061 625 2120 alexandrinus
640 2069 731 2120 explieat
744 2070 768 2109 de
781 2070 863 2121 fastigio
877 2069 961 2110 virtutis

85 2139 106 2175 et
117 2135 211 2175 iustitiae
221 2146 274 2187 quae
284 2134 307 2173 in
317 2133 428 2174 hominem
438 2134 499 2174 cadat
508 2138 564 2173 meta
575 2133 713 2186 (Thesaurus
726 2135 752 2173 111,
762 2134 844 2187 reflat)
854 2138 917 2185 atque
928 2147 961 2175 eo-

85 2201 134 2240 dem
146 2211 209 2239 sensu
219 2198 310 2250 intelligi
319 2201 409 2250 possunt
417 2198 484 2238 multa
493 2198 513 2239 S.
526 2199 612 2238 Patrum
625 2199 719 2238 encomia
729 2201 749 2238 et
759 2199 816 2239 idem
827 2199 920 2238 iudicare
929 2201 960 2239 vi-

84 2265 161 2305 dentur
174 2265 189 2304 ii
200 2264 236 2315 qui
250 2263 276 2304 ad
291 2263 431 2303 eminentiam
446 2263 529 2303 loannis
544 2274 593 2315 prae
607 2263 654 2303 aliis
668 2256 798 2314 probandam
812 2266 924 2315 provocant
935 2264 960 2304 ad

85 2331 140 2370 vitae
155 2321 199 2369 eius
213 2329 309 2369 modum.
327 2328 386 2368 idem
400 2330 533 2380 propugnant
548 2340 572 2368 ex
588 2328 740 2379 interpretibus
749 2328 812 2380 Dion.
827 2329 890 2369 dictu.
905 2328 960 2369 Iunc.

85 2395 129 2447 (qui
140 2406 189 2434 eum
200 2393 251 2433 dicit
260 2393 359 2434 omnibus
369 2393 472 2433 maiorem
483 2393 643 2446 praerogativis,
652 2386 738 2443 spiritu,
750 2392 835 2445 noerius)
844 2394 899 2444 Syia.
910 2395 961 2433 Bor.

87 2460 128 2499 Tin.
140 2460 278 2506 Quae‘tamen
291 2458 406 2509 explicatio
418 2458 469 2497 satis
484 2456 579 2515 difficilis
593 2457 662 2496 evadit
675 2459 761 2508 propter
771 2468 859 2507 eaquae
871 2469 961 2509 sequun-

87 2528 135 2564 tur:
149 2524 184 2574 qui
198 2525 269 2562 antem
283 2521 353 2561 minor
368 2522 436 2560 estin
451 2533 515 2573 regno
530 2521 639 2561 coelorum
653 2521 721 2561 maior
736 2524 767 2561 est
780 2522 824 2562 illo.
841 2523 976 2575 ilam'certe

86 2599 159 2629 sensus
168 2597 214 2628 esse
224 2586 300 2639 nequit
309 2586 415 2626 minorem
424 2585 445 2624 in
455 2585 549 2625 Ecclesia
559 2586 636 2626 Christi
647 2597 693 2626 esse
701 2590 818 2627 sanctiorem
828 2587 865 2628 illo
875 2588 897 2627 in
906 2583 961 2629 uitae

85 2654 206 2706 integritate
224 2654 244 2692 et
260 2651 496 2693 innocentia..Proinde
512 2652 615 2691 antonin
628 2652 693 2691 altero
710 2654 805 2693 membro
821 2653 862 2693 alia
877 2665 962 2704 prorsus

39 2751 45 2755 Λ,
86 2719 237 2772 significatione
254 2717 342 2757 deberet
357 2717 424 2769 accipi
438 2718 502 2768 atque
517 2716 538 2755 in
552 2716 631 2768 priore;
643 2729 717 2757 nerum
730 2717 770 2758 hoc
783 2717 865 2758 admitti
879 2719 960 2768 nequit,

80 2781 135 2836 'quia
147 2783 216 2823 omnis
230 2777 347 2823 sententiae
357 2782 487 2822 concinnitas
495 2793 519 2822 ac
532 2778 681 2834 'consequentia
694 2783 823 2823 everteretur
835 2778 962 2822 funditos'ac

86 2849 171 2901 periret.
183 2849 249 2895 Quare
266 2847 378 2888 retinenda
393 2848 434 2887 erit
448 2848 537 2888 aliorum
552 2848 664 2899 explicatio
681 2848 706 2888 de
721 2857 808 2888 munere
822 2857 846 2886 ac
859 2846 961 2898 dignitate

87 2913 191 2959 muneris,
203 2913 225 2951 in
238 2924 280 2964 qua
291 2913 380 2952 loannes
394 2912 478 2953 excellit
492 2924 542 2964 prae
554 2913 653 2954 omnibus
668 2913 775 2952 in-vetere
791 2913 924 2953 testamento.
939 2914 962 2952 ln

87 2990 133 3019 eam
144 2978 272 3018 sententiam
282 2978 344 3028 plane
359 2978 457 3018 concedit
468 2978 549 3018 Tutatur
561 2978 655 3024 scribens
667 2988 672 3016 t
684 2992 694 3013 «
705 2987 747 3015 non
760 2977 856 3018 existimo
868 2978 893 3019 de
904 2989 963 3018 sanc-

86 3046 146 3085 titate
159 3043 216 3083 vitae
227 3041 411 3093 unristnmtoqot,
424 3039 580 3092 quamnis‘fieri
590 3043 661 3093 potest
673 3041 734 3081 illurn
747 3041 811 3083 luisse
820 3045 856 3083 aut
871 3042 962 3083 sanctio-

65 3137 66 3141 =
87 3111 178 3151 remant
190 3107 300 3149 neminem
311 3106 347 3145 illo
362 3106 485 3155 iustiorem:
496 3109 517 3147 at
531 3118 600 3147 sermo
614 3109 645 3146 est
659 3106 684 3146 de
694 3107 817 3159 prophetiae
827 3119 924 3157 munere,
936 3107 963 3146 ad

89 3187 151 3228 quam
165 3173 302 3216 collationem
316 3171 380 3210 etiam
390 3171 482 3222 pertinet
497 3172 554 3222 quod
566 3172 587 3210 in
602 3174 661 3212 utero
674 3173 807 3225 prophetavit
822 3176 842 3213 et
856 3174 961 3214 natusest
