<?xml version="1.0" encoding="UTF-8"?>
<!DOCTYPE html PUBLIC "-//W3C//DTD XHTML 1.0 Transitional//EN"
    "http://www.w3.org/TR/xhtml1/DTD/xhtml1-transitional.dtd">
<html xmlns="http://www.w3.org/1999/xhtml" xml:lang="en" lang="en">
 <head>
  <title>
</title>
<meta http-equiv="Content-Type" content="text/html;charset=utf-8" />
  <meta name='ocr-system' content='tesseract 3.04.00' />
  <meta name='ocr-capabilities' content='ocr_page ocr_carea ocr_par ocr_line ocrx_word'/>
</head>
<body>
  <div class='ocr_page' id='page_1' title='image "./MN41446ucmf_0_0457.png"; bbox 0 0 2211 3575; ppageno 0'>
   <div class='ocr_carea' id='block_1_1' title="bbox 433 232 969 304">
    <p class='ocr_par' dir='ltr' id='par_1_1' title="bbox 433 232 969 304">
     <span class='ocr_line' id='line_1_1' title="bbox 433 232 969 304; baseline 0.013 -7"><span class='ocrx_word' id='word_1_1' title='bbox 433 260 510 297; x_wconf 72' lang='lat' dir='ltr'>ania.</span> <span class='ocrx_word' id='word_1_2' title='bbox 527 232 546 301; x_wconf 73' lang='lat' dir='ltr'>a.</span> <span class='ocrx_word' id='word_1_3' title='bbox 563 257 629 297; x_wconf 81' lang='lat' dir='ltr'>u-ra.</span> <span class='ocrx_word' id='word_1_4' title='bbox 933 266 969 304; x_wconf 75' lang='lat' dir='ltr'>roa</span> 
     </span>
    </p>
   </div>
   <div class='ocr_carea' id='block_1_2' title="bbox 36 348 1024 3190">
    <p class='ocr_par' dir='ltr' id='par_1_2' title="bbox 95 348 967 419">
     <span class='ocr_line' id='line_1_2' title="bbox 95 348 967 419; baseline -0.003 -20"><span class='ocrx_word' id='word_1_5' title='bbox 95 348 238 401; x_wconf 87' lang='lat' dir='ltr'>hucadeunt</span> <span class='ocrx_word' id='word_1_6' title='bbox 247 354 378 419; x_wconf 50' lang='lat' dir='ltr'>discipulos.</span> <span class='ocrx_word' id='word_1_7' title='bbox 394 359 447 418; x_wconf 84' lang='lat' dir='ltr'>quia</span> <span class='ocrx_word' id='word_1_8' title='bbox 455 361 504 403; x_wconf 78' lang='lat' dir='ltr'>non&#39;</span> <span class='ocrx_word' id='word_1_9' title='bbox 512 359 597 403; x_wconf 91' lang='lat' dir='ltr'>audent</span> <span class='ocrx_word' id='word_1_10' title='bbox 605 360 683 418; x_wconf 87' lang='lat' dir='ltr'>aperte</span> <span class='ocrx_word' id='word_1_11' title='bbox 696 356 831 414; x_wconf 87' lang='lat' dir='ltr'>magistrum</span> <span class='ocrx_word' id='word_1_12' title='bbox 842 354 967 414; x_wconf 90' lang='lat' dir='ltr'>reprehen-</span> 
     </span>
    </p>

    <p class='ocr_par' dir='ltr' id='par_1_3' title="bbox 36 421 1024 702">
     <span class='ocr_line' id='line_1_3' title="bbox 71 421 1024 489; baseline -0.002 -19"><span class='ocrx_word' id='word_1_13' title='bbox 71 428 72 432; x_wconf 74' lang='grc'>’</span> <span class='ocrx_word' id='word_1_14' title='bbox 95 426 160 482; x_wconf 89' lang='lat' dir='ltr'>dere;</span> <span class='ocrx_word' id='word_1_15' title='bbox 170 428 252 473; x_wconf 91' lang='lat' dir='ltr'>deinde</span> <span class='ocrx_word' id='word_1_16' title='bbox 262 427 454 475; x_wconf 75' lang='lat' dir='ltr'>&#39;suan&#39;osnndunc</span> <span class='ocrx_word' id='word_1_17' title='bbox 463 424 609 489; x_wconf 83' lang='lat' dir='ltr'>imperitiam,</span> <span class='ocrx_word' id='word_1_18' title='bbox 616 429 683 489; x_wconf 76' lang='lat' dir='ltr'>&#39;quod</span> <span class='ocrx_word' id='word_1_19' title='bbox 691 442 733 473; x_wconf 87' lang='lat' dir='ltr'>nec</span> <span class='ocrx_word' id='word_1_20' title='bbox 743 429 827 487; x_wconf 91' lang='lat' dir='ltr'>seipsos</span> <span class='ocrx_word' id='word_1_21' title='bbox 836 425 967 483; x_wconf 72' lang='lat' dir='ltr'>intelligant</span> <span class='ocrx_word' id='word_1_22' title='bbox 1023 421 1024 425; x_wconf 63' lang='grc'>’</span> 
     </span>
     <span class='ocr_line' id='line_1_4' title="bbox 94 495 965 560; baseline 0 -19"><span class='ocrx_word' id='word_1_23' title='bbox 94 511 136 543; x_wconf 88' lang='lat' dir='ltr'>nec</span> <span class='ocrx_word' id='word_1_24' title='bbox 153 515 205 544; x_wconf 88' lang='lat' dir='ltr'>eum</span> <span class='ocrx_word' id='word_1_25' title='bbox 224 516 292 560; x_wconf 88' lang='lat' dir='ltr'>quem</span> <span class='ocrx_word' id='word_1_26' title='bbox 308 502 443 559; x_wconf 87' lang='lat' dir='ltr'>calumniari</span> <span class='ocrx_word' id='word_1_27' title='bbox 460 504 581 560; x_wconf 65' lang='lat' dir='ltr'>conantum</span> <span class='ocrx_word' id='word_1_28' title='bbox 603 495 707 547; x_wconf 84' lang='lat' dir='ltr'>nesciunt</span> <span class='ocrx_word' id='word_1_29' title='bbox 725 499 802 543; x_wconf 87' lang='lat' dir='ltr'>miseri</span> <span class='ocrx_word' id='word_1_30' title='bbox 822 498 965 557; x_wconf 67' lang='lat' dir='ltr'>quod&#39;nemo</span> 
     </span>
     <span class='ocr_line' id='line_1_5' title="bbox 94 568 964 631; baseline 0 -20"><span class='ocrx_word' id='word_1_31' title='bbox 94 569 142 613; x_wconf 89' lang='lat' dir='ltr'>sine</span> <span class='ocrx_word' id='word_1_32' title='bbox 154 575 259 629; x_wconf 87' lang='lat' dir='ltr'>peccato,</span> <span class='ocrx_word' id='word_1_33' title='bbox 271 575 292 615; x_wconf 86' lang='lat' dir='ltr'>et</span> <span class='ocrx_word' id='word_1_34' title='bbox 302 573 320 617; x_wconf 92' lang='lat' dir='ltr'>si</span> <span class='ocrx_word' id='word_1_35' title='bbox 328 571 485 631; x_wconf 89' lang='lat' dir='ltr'>peccatoribus</span> <span class='ocrx_word' id='word_1_36' title='bbox 496 586 542 615; x_wconf 89' lang='lat' dir='ltr'>non</span> <span class='ocrx_word' id='word_1_37' title='bbox 552 572 739 626; x_wconf 84' lang='lat' dir='ltr'>communicaret,</span> <span class='ocrx_word' id='word_1_38' title='bbox 751 584 817 614; x_wconf 92' lang='lat' dir='ltr'>nemo</span> <span class='ocrx_word' id='word_1_39' title='bbox 827 569 871 613; x_wconf 87' lang='lat' dir='ltr'>vita</span> <span class='ocrx_word' id='word_1_40' title='bbox 883 568 964 627; x_wconf 87' lang='lat' dir='ltr'>dignus</span> 
     </span>
     <span class='ocr_line' id='line_1_6' title="bbox 36 633 794 702; baseline -0.001 -19"><span class='ocrx_word' id='word_1_41' title='bbox 36 633 38 636; x_wconf 52' lang='grc'>’</span> <span class='ocrx_word' id='word_1_42' title='bbox 95 643 160 696; x_wconf 75' lang='lat' dir='ltr'>esset3</span> <span class='ocrx_word' id='word_1_43' title='bbox 176 642 238 686; x_wconf 83' lang='lat' dir='ltr'>venit</span> <span class='ocrx_word' id='word_1_44' title='bbox 247 642 345 702; x_wconf 89' lang='lat' dir='ltr'>denique</span> <span class='ocrx_word' id='word_1_45' title='bbox 354 643 385 687; x_wconf 91' lang='lat' dir='ltr'>cis</span> <span class='ocrx_word' id='word_1_46' title='bbox 394 643 452 686; x_wconf 91' lang='lat' dir='ltr'>haec</span> <span class='ocrx_word' id='word_1_47' title='bbox 465 642 592 702; x_wconf 74' lang='lat' dir='ltr'>superstitio</span> <span class='ocrx_word' id='word_1_48' title='bbox 605 642 633 687; x_wconf 93' lang='lat' dir='ltr'>de</span> <span class='ocrx_word' id='word_1_49' title='bbox 641 642 747 686; x_wconf 86' lang='lat' dir='ltr'>iactantia</span> <span class='ocrx_word' id='word_1_50' title='bbox 757 659 778 685; x_wconf 74' lang='lat' dir='ltr'>a.</span> <span class='ocrx_word' id='word_1_51' title='bbox 792 649 794 651; x_wconf 79' lang='grc'>’</span> 
     </span>
    </p>

    <p class='ocr_par' dir='ltr' id='par_1_4' title="bbox 86 712 1019 2480">
     <span class='ocr_line' id='line_1_7' title="bbox 123 712 963 772; baseline 0 -18"><span class='ocrx_word' id='word_1_52' title='bbox 123 713 151 755; x_wconf 83' lang='lat' dir='ltr'>At</span> <span class='ocrx_word' id='word_1_53' title='bbox 164 727 242 758; x_wconf 89' lang='lat' dir='ltr'>eorum</span> <span class='ocrx_word' id='word_1_54' title='bbox 254 714 340 758; x_wconf 91' lang='lat' dir='ltr'>malitia</span> <span class='ocrx_word' id='word_1_55' title='bbox 352 714 424 757; x_wconf 88' lang='lat' dir='ltr'>utitur</span> <span class='ocrx_word' id='word_1_56' title='bbox 433 716 492 758; x_wconf 90' lang='lat' dir='ltr'>lesus</span> <span class='ocrx_word' id='word_1_57' title='bbox 505 713 534 758; x_wconf 91' lang='lat' dir='ltr'>ad</span> <span class='ocrx_word' id='word_1_58' title='bbox 547 713 683 757; x_wconf 88' lang='lat' dir='ltr'>documenta</span> <span class='ocrx_word' id='word_1_59' title='bbox 695 713 763 772; x_wconf 87' lang='lat' dir='ltr'>plena</span> <span class='ocrx_word' id='word_1_60' title='bbox 778 712 852 756; x_wconf 89' lang='lat' dir='ltr'>solatii</span> <span class='ocrx_word' id='word_1_61' title='bbox 861 725 963 755; x_wconf 87' lang='lat' dir='ltr'>commu-</span> 
     </span>
     <span class='ocr_line' id='line_1_8' title="bbox 94 767 964 844; baseline -0.001 -19"><span class='ocrx_word' id='word_1_62' title='bbox 94 782 198 829; x_wconf 87' lang='lat' dir='ltr'>nicanda.</span> <span class='ocrx_word' id='word_1_63' title='bbox 219 782 301 829; x_wconf 88' lang='lat' dir='ltr'>Statim</span> <span class='ocrx_word' id='word_1_64' title='bbox 306 785 374 829; x_wconf 89' lang='lat' dir='ltr'>enim</span> <span class='ocrx_word' id='word_1_65' title='bbox 392 784 507 844; x_wconf 82' lang='lat' dir='ltr'>discipulis</span> <span class='ocrx_word' id='word_1_66' title='bbox 522 767 561 844; x_wconf 67' lang='lat' dir='ltr'>dui</span> <span class='ocrx_word' id='word_1_67' title='bbox 573 782 753 844; x_wconf 77' lang='lat' dir='ltr'>probabilissime</span> <span class='ocrx_word' id='word_1_68' title='bbox 769 781 894 826; x_wconf 83' lang='lat' dir='ltr'>haerebant</span> <span class='ocrx_word' id='word_1_69' title='bbox 908 780 964 840; x_wconf 89' lang='lat' dir='ltr'>quid</span> 
     </span>
     <span class='ocr_line' id='line_1_9' title="bbox 93 849 963 915; baseline 0 -20"><span class='ocrx_word' id='word_1_70' title='bbox 93 849 257 912; x_wconf 85' lang='lat' dir='ltr'>responderent</span> <span class='ocrx_word' id='word_1_71' title='bbox 266 870 333 915; x_wconf 90' lang='lat' dir='ltr'>opem</span> <span class='ocrx_word' id='word_1_72' title='bbox 342 855 394 899; x_wconf 91' lang='lat' dir='ltr'>tulit</span> <span class='ocrx_word' id='word_1_73' title='bbox 406 871 427 901; x_wconf 88' lang='lat' dir='ltr'>v.</span> <span class='ocrx_word' id='word_1_74' title='bbox 447 860 474 900; x_wconf 73' lang='lat'>12</span> <span class='ocrx_word' id='word_1_75' title='bbox 484 864 508 899; x_wconf 81' lang='lat' dir='ltr'>at</span> <span class='ocrx_word' id='word_1_76' title='bbox 517 856 578 899; x_wconf 77' lang='lat' dir='ltr'>Iesus</span> <span class='ocrx_word' id='word_1_77' title='bbox 590 855 684 900; x_wconf 67' lang='lat' dir='ltr'>cardicas</span> <span class='ocrx_word' id='word_1_78' title='bbox 694 854 726 899; x_wconf 78' lang='lat' dir='ltr'>au</span> <span class='ocrx_word' id='word_1_79' title='bbox 736 868 743 898; x_wconf 91' lang='lat'><em>:</em></span> <span class='ocrx_word' id='word_1_80' title='bbox 759 867 805 898; x_wconf 80' lang='lat' dir='ltr'>non</span> <span class='ocrx_word' id='word_1_81' title='bbox 816 861 849 897; x_wconf 81' lang='lat' dir='ltr'>est</span> <span class='ocrx_word' id='word_1_82' title='bbox 858 867 913 912; x_wconf 80' lang='lat' dir='ltr'>opas</span> <span class='ocrx_word' id='word_1_83' title='bbox 923 867 963 895; x_wconf 85' lang='lat' dir='ltr'>va-</span> 
     </span>
     <span class='ocr_line' id='line_1_10' title="bbox 95 923 963 986; baseline -0.001 -19"><span class='ocrx_word' id='word_1_84' title='bbox 95 923 190 969; x_wconf 70' lang='lat' dir='ltr'>lentibus</span> <span class='ocrx_word' id='word_1_85' title='bbox 205 926 316 982; x_wconf 70' lang='lat' dir='ltr'>cardiaco,</span> <span class='ocrx_word' id='word_1_86' title='bbox 332 927 373 972; x_wconf 82' lang='lat' dir='ltr'>sed</span> <span class='ocrx_word' id='word_1_87' title='bbox 393 928 453 972; x_wconf 77' lang='lat' dir='ltr'>atala</span> <span class='ocrx_word' id='word_1_88' title='bbox 472 926 618 983; x_wconf 56' lang='lat' dir='ltr'>deterritum</span> <span class='ocrx_word' id='word_1_89' title='bbox 637 926 693 986; x_wconf 80' lang='lat' dir='ltr'>quid</span> <span class='ocrx_word' id='word_1_90' title='bbox 714 925 809 981; x_wconf 83' lang='lat' dir='ltr'>mirum,</span> <span class='ocrx_word' id='word_1_91' title='bbox 826 925 845 969; x_wconf 91' lang='lat' dir='ltr'>si</span> <span class='ocrx_word' id='word_1_92' title='bbox 861 923 963 968; x_wconf 88' lang='lat' dir='ltr'>medicus</span> 
     </span>
     <span class='ocr_line' id='line_1_11' title="bbox 93 994 1004 1059; baseline 0 -21"><span class='ocrx_word' id='word_1_93' title='bbox 93 999 195 1041; x_wconf 89' lang='lat' dir='ltr'>versatur</span> <span class='ocrx_word' id='word_1_94' title='bbox 203 997 264 1043; x_wconf 91' lang='lat' dir='ltr'>inter</span> <span class='ocrx_word' id='word_1_95' title='bbox 273 1002 430 1057; x_wconf 71' lang='lat' dir='ltr'>aeg¹ros?1ium</span> <span class='ocrx_word' id='word_1_96' title='bbox 444 999 495 1043; x_wconf 92' lang='lat' dir='ltr'>ideo</span> <span class='ocrx_word' id='word_1_97' title='bbox 505 998 800 1059; x_wconf 72' lang='lat' dir='ltr'>reprehendendustncnne</span> <span class='ocrx_word' id='word_1_98' title='bbox 813 995 889 1056; x_wconf 90' lang='lat' dir='ltr'>potius</span> <span class='ocrx_word' id='word_1_99' title='bbox 906 994 962 1039; x_wconf 85' lang='lat' dir='ltr'>esset</span> <span class='ocrx_word' id='word_1_100' title='bbox 1002 1026 1004 1028; x_wconf 29' lang='grc' dir='ltr'>ψ</span> 
     </span>
     <span class='ocr_line' id='line_1_12' title="bbox 93 1066 960 1130; baseline 0 -21"><span class='ocrx_word' id='word_1_101' title='bbox 93 1068 155 1111; x_wconf 90' lang='lat' dir='ltr'>omni</span> <span class='ocrx_word' id='word_1_102' title='bbox 165 1069 277 1129; x_wconf 88' lang='lat' dir='ltr'>vituperio</span> <span class='ocrx_word' id='word_1_103' title='bbox 287 1070 377 1128; x_wconf 75' lang='lat' dir='ltr'>dignus,</span> <span class='ocrx_word' id='word_1_104' title='bbox 386 1071 455 1115; x_wconf 89' lang='lat' dir='ltr'>immo</span> <span class='ocrx_word' id='word_1_105' title='bbox 464 1071 520 1115; x_wconf 90' lang='lat' dir='ltr'>risui</span> <span class='ocrx_word' id='word_1_106' title='bbox 526 1070 678 1130; x_wconf 80' lang='lat' dir='ltr'>exponendus,</span> <span class='ocrx_word' id='word_1_107' title='bbox 691 1070 708 1118; x_wconf 88' lang='lat' dir='ltr'>si</span> <span class='ocrx_word' id='word_1_108' title='bbox 715 1069 789 1113; x_wconf 88' lang='lat' dir='ltr'>solum</span> <span class='ocrx_word' id='word_1_109' title='bbox 799 1082 863 1112; x_wconf 87' lang='lat' dir='ltr'>sanos</span> <span class='ocrx_word' id='word_1_110' title='bbox 874 1066 960 1111; x_wconf 77' lang='lat' dir='ltr'>adiret?</span> 
     </span>
     <span class='ocr_line' id='line_1_13' title="bbox 93 1137 960 1200; baseline -0.001 -19"><span class='ocrx_word' id='word_1_111' title='bbox 93 1137 191 1184; x_wconf 86' lang='lat' dir='ltr'>Christus</span> <span class='ocrx_word' id='word_1_112' title='bbox 200 1140 278 1200; x_wconf 87' lang='lat' dir='ltr'>itaque</span> <span class='ocrx_word' id='word_1_113' title='bbox 287 1156 310 1185; x_wconf 89' lang='lat' dir='ltr'>se</span> <span class='ocrx_word' id='word_1_114' title='bbox 324 1141 438 1185; x_wconf 90' lang='lat' dir='ltr'>medicum</span> <span class='ocrx_word' id='word_1_115' title='bbox 452 1155 498 1187; x_wconf 88' lang='lat' dir='ltr'>esse</span> <span class='ocrx_word' id='word_1_116' title='bbox 508 1142 626 1185; x_wconf 89' lang='lat' dir='ltr'>hominum</span> <span class='ocrx_word' id='word_1_117' title='bbox 637 1140 735 1184; x_wconf 90' lang='lat' dir='ltr'>declarat</span> <span class='ocrx_word' id='word_1_118' title='bbox 746 1141 785 1198; x_wconf 91' lang='lat' dir='ltr'>qui</span> <span class='ocrx_word' id='word_1_119' title='bbox 796 1153 832 1184; x_wconf 89' lang='lat' dir='ltr'>cos</span> <span class='ocrx_word' id='word_1_120' title='bbox 845 1138 910 1182; x_wconf 88' lang='lat' dir='ltr'>adeat</span> <span class='ocrx_word' id='word_1_121' title='bbox 920 1138 960 1196; x_wconf 87' lang='lat' dir='ltr'>qui</span> 
     </span>
     <span class='ocr_line' id='line_1_14' title="bbox 92 1211 960 1270; baseline 0 -19"><span class='ocrx_word' id='word_1_122' title='bbox 92 1222 161 1266; x_wconf 89' lang='lat' dir='ltr'>quam</span> <span class='ocrx_word' id='word_1_123' title='bbox 177 1212 274 1255; x_wconf 84' lang='lat' dir='ltr'>maxime</span> <span class='ocrx_word' id='word_1_124' title='bbox 292 1212 435 1270; x_wconf 77' lang='lat' dir='ltr'>aegritudine</span> <span class='ocrx_word' id='word_1_125' title='bbox 446 1212 552 1256; x_wconf 90' lang='lat' dir='ltr'>laborant</span> <span class='ocrx_word' id='word_1_126' title='bbox 565 1213 587 1256; x_wconf 91' lang='lat' dir='ltr'>et</span> <span class='ocrx_word' id='word_1_127' title='bbox 600 1211 731 1255; x_wconf 88' lang='lat' dir='ltr'>vulneribus</span> <span class='ocrx_word' id='word_1_128' title='bbox 746 1212 898 1269; x_wconf 87' lang='lat' dir='ltr'>peccatorum.</span> <span class='ocrx_word' id='word_1_129' title='bbox 914 1211 960 1259; x_wconf 81' lang='lat' dir='ltr'>Qua</span> 
     </span>
     <span class='ocr_line' id='line_1_15' title="bbox 91 1280 957 1343; baseline 0.002 -21"><span class='ocrx_word' id='word_1_130' title='bbox 91 1294 145 1324; x_wconf 90' lang='lat' dir='ltr'>voce</span> <span class='ocrx_word' id='word_1_131' title='bbox 154 1295 177 1325; x_wconf 93' lang='lat' dir='ltr'>se</span> <span class='ocrx_word' id='word_1_132' title='bbox 191 1296 242 1326; x_wconf 88' lang='lat' dir='ltr'>aum</span> <span class='ocrx_word' id='word_1_133' title='bbox 253 1297 299 1327; x_wconf 91' lang='lat' dir='ltr'>esse</span> <span class='ocrx_word' id='word_1_134' title='bbox 307 1285 419 1343; x_wconf 86' lang='lat' dir='ltr'>pastorem</span> <span class='ocrx_word' id='word_1_135' title='bbox 427 1283 527 1327; x_wconf 87' lang='lat' dir='ltr'>declarat</span> <span class='ocrx_word' id='word_1_136' title='bbox 533 1283 570 1341; x_wconf 86' lang='lat' dir='ltr'>qui</span> <span class='ocrx_word' id='word_1_137' title='bbox 579 1282 640 1342; x_wconf 85' lang='lat' dir='ltr'>apud</span> <span class='ocrx_word' id='word_1_138' title='bbox 646 1281 781 1342; x_wconf 92' lang='lat' dir='ltr'>prophetam</span> <span class='ocrx_word' id='word_1_139' title='bbox 789 1281 835 1324; x_wconf 87' lang='lat' dir='ltr'>iam</span> <span class='ocrx_word' id='word_1_140' title='bbox 844 1280 943 1339; x_wconf 90' lang='lat' dir='ltr'>loquitur</span> <span class='ocrx_word' id='word_1_141' title='bbox 952 1294 957 1324; x_wconf 77' lang='grc' dir='ltr'>ε</span> 
     </span>
     <span class='ocr_line' id='line_1_16' title="bbox 91 1347 959 1413; baseline 0 -20"><span class='ocrx_word' id='word_1_142' title='bbox 91 1351 153 1409; x_wconf 85' lang='lat' dir='ltr'>quod</span> <span class='ocrx_word' id='word_1_143' title='bbox 168 1352 282 1399; x_wconf 87' lang='lat' dir='ltr'>abiectum</span> <span class='ocrx_word' id='word_1_144' title='bbox 297 1357 345 1398; x_wconf 90' lang='lat' dir='ltr'>erat</span> <span class='ocrx_word' id='word_1_145' title='bbox 357 1354 464 1398; x_wconf 82' lang='lat' dir='ltr'>reducam</span> <span class='ocrx_word' id='word_1_146' title='bbox 480 1357 502 1398; x_wconf 92' lang='lat' dir='ltr'>et</span> <span class='ocrx_word' id='word_1_147' title='bbox 517 1347 578 1413; x_wconf 85' lang='lat' dir='ltr'>quod</span> <span class='ocrx_word' id='word_1_148' title='bbox 591 1354 731 1398; x_wconf 82' lang='lat' dir='ltr'>confractum</span> <span class='ocrx_word' id='word_1_149' title='bbox 743 1352 818 1395; x_wconf 82' lang='lat' dir='ltr'>fuerat</span> <span class='ocrx_word' id='word_1_150' title='bbox 829 1351 928 1408; x_wconf 77' lang='lat' dir='ltr'>alligabo</span> <span class='ocrx_word' id='word_1_151' title='bbox 938 1353 959 1394; x_wconf 91' lang='lat' dir='ltr'>et</span> 
     </span>
     <span class='ocr_line' id='line_1_17' title="bbox 91 1422 995 1487; baseline -0.001 -22"><span class='ocrx_word' id='word_1_152' title='bbox 91 1423 152 1480; x_wconf 89' lang='lat' dir='ltr'>quod</span> <span class='ocrx_word' id='word_1_153' title='bbox 172 1424 271 1487; x_wconf 87' lang='lat' dir='ltr'>perierat</span> <span class='ocrx_word' id='word_1_154' title='bbox 286 1426 400 1486; x_wconf 83' lang='lat' dir='ltr'>requiram</span> <span class='ocrx_word' id='word_1_155' title='bbox 416 1428 438 1469; x_wconf 90' lang='lat' dir='ltr'>et</span> <span class='ocrx_word' id='word_1_156' title='bbox 454 1425 514 1485; x_wconf 89' lang='lat' dir='ltr'>quod</span> <span class='ocrx_word' id='word_1_157' title='bbox 526 1425 734 1479; x_wconf 77' lang='lat' dir='ltr'>infirniumluerat&#39;</span> <span class='ocrx_word' id='word_1_158' title='bbox 752 1422 895 1467; x_wconf 77' lang='lat' dir='ltr'>consolidabo</span> <span class='ocrx_word' id='word_1_159' title='bbox 915 1422 957 1478; x_wconf 78' lang='lat' dir='ltr'>(Ea.</span> <span class='ocrx_word' id='word_1_160' title='bbox 992 1426 995 1431; x_wconf 78' lang='grc'><strong>’</strong></span> 
     </span>
     <span class='ocr_line' id='line_1_18' title="bbox 91 1493 958 1557; baseline -0.001 -20"><span class='ocrx_word' id='word_1_161' title='bbox 91 1494 174 1554; x_wconf 64' lang='lat' dir='ltr'>aum),</span> <span class='ocrx_word' id='word_1_162' title='bbox 185 1495 240 1540; x_wconf 90' lang='lat' dir='ltr'>dum</span> <span class='ocrx_word' id='word_1_163' title='bbox 249 1496 277 1540; x_wconf 89' lang='lat' dir='ltr'>de</span> <span class='ocrx_word' id='word_1_164' title='bbox 285 1497 410 1557; x_wconf 88' lang='lat' dir='ltr'>pharisaeis</span> <span class='ocrx_word' id='word_1_165' title='bbox 419 1498 478 1541; x_wconf 80' lang='lat' dir='ltr'>valet</span> <span class='ocrx_word' id='word_1_166' title='bbox 488 1496 550 1556; x_wconf 86' lang='lat' dir='ltr'>quod</span> <span class='ocrx_word' id='word_1_167' title='bbox 559 1496 642 1541; x_wconf 90' lang='lat' dir='ltr'>ibidem</span> <span class='ocrx_word' id='word_1_168' title='bbox 655 1496 683 1540; x_wconf 89' lang='lat' dir='ltr'>de</span> <span class='ocrx_word' id='word_1_169' title='bbox 691 1495 756 1539; x_wconf 89' lang='lat' dir='ltr'>malis</span> <span class='ocrx_word' id='word_1_170' title='bbox 765 1494 893 1554; x_wconf 89' lang='lat' dir='ltr'>pastoribus</span> <span class='ocrx_word' id='word_1_171' title='bbox 903 1493 958 1537; x_wconf 91' lang='lat' dir='ltr'>dici-</span> 
     </span>
     <span class='ocr_line' id='line_1_19' title="bbox 89 1566 958 1627; baseline 0.001 -20"><span class='ocrx_word' id='word_1_172' title='bbox 89 1567 126 1608; x_wconf 86' lang='lat' dir='ltr'>tur</span> <span class='ocrx_word' id='word_1_173' title='bbox 136 1580 140 1610; x_wconf 91' lang='lat'>:</span> <span class='ocrx_word' id='word_1_174' title='bbox 155 1567 216 1625; x_wconf 86' lang='lat' dir='ltr'>quod</span> <span class='ocrx_word' id='word_1_175' title='bbox 222 1568 340 1612; x_wconf 84' lang='lat' dir='ltr'>infirmum</span> <span class='ocrx_word' id='word_1_176' title='bbox 349 1569 391 1612; x_wconf 84' lang='lat' dir='ltr'>luit</span> <span class='ocrx_word' id='word_1_177' title='bbox 399 1583 445 1612; x_wconf 87' lang='lat' dir='ltr'>non</span> <span class='ocrx_word' id='word_1_178' title='bbox 454 1567 606 1613; x_wconf 86' lang='lat' dir='ltr'>consolidastis</span> <span class='ocrx_word' id='word_1_179' title='bbox 616 1571 637 1611; x_wconf 87' lang='lat' dir='ltr'>et</span> <span class='ocrx_word' id='word_1_180' title='bbox 647 1566 707 1627; x_wconf 84' lang='lat' dir='ltr'>quod</span> <span class='ocrx_word' id='word_1_181' title='bbox 714 1569 833 1622; x_wconf 87' lang='lat' dir='ltr'>aegrotum</span> <span class='ocrx_word' id='word_1_182' title='bbox 842 1581 888 1609; x_wconf 90' lang='lat' dir='ltr'>non</span> <span class='ocrx_word' id='word_1_183' title='bbox 896 1579 958 1609; x_wconf 90' lang='lat' dir='ltr'>sana-</span> 
     </span>
     <span class='ocr_line' id='line_1_20' title="bbox 89 1633 956 1699; baseline 0.001 -21"><span class='ocrx_word' id='word_1_184' title='bbox 89 1636 127 1679; x_wconf 92' lang='lat' dir='ltr'>stis</span> <span class='ocrx_word' id='word_1_185' title='bbox 137 1639 178 1681; x_wconf 88' lang='lat' dir='ltr'>etc.</span> <span class='ocrx_word' id='word_1_186' title='bbox 194 1641 265 1689; x_wconf 80' lang='lat' dir='ltr'>Quare</span> <span class='ocrx_word' id='word_1_187' title='bbox 275 1643 336 1699; x_wconf 91' lang='lat' dir='ltr'>patet</span> <span class='ocrx_word' id='word_1_188' title='bbox 345 1640 402 1696; x_wconf 89' lang='lat' dir='ltr'>legis</span> <span class='ocrx_word' id='word_1_189' title='bbox 409 1639 510 1690; x_wconf 89' lang='lat' dir='ltr'>doctores</span> <span class='ocrx_word' id='word_1_190' title='bbox 520 1633 613 1683; x_wconf 87' lang='lat' dir='ltr'>consilia</span> <span class='ocrx_word' id='word_1_191' title='bbox 621 1638 689 1682; x_wconf 84' lang='lat' dir='ltr'>Deiin</span> <span class='ocrx_word' id='word_1_192' title='bbox 699 1637 751 1694; x_wconf 87' lang='lat' dir='ltr'>lege</span> <span class='ocrx_word' id='word_1_193' title='bbox 762 1637 902 1681; x_wconf 87' lang='lat' dir='ltr'>manifestata</span> <span class='ocrx_word' id='word_1_194' title='bbox 913 1637 956 1679; x_wconf 90' lang='lat' dir='ltr'>mi-</span> 
     </span>
     <span class='ocr_line' id='line_1_21' title="bbox 88 1704 956 1769; baseline 0.002 -20"><span class='ocrx_word' id='word_1_195' title='bbox 88 1707 149 1751; x_wconf 89' lang='lat' dir='ltr'>nime</span> <span class='ocrx_word' id='word_1_196' title='bbox 163 1708 304 1760; x_wconf 81' lang='lat' dir='ltr'>intellexisse.</span> <span class='ocrx_word' id='word_1_197' title='bbox 325 1710 350 1755; x_wconf 92' lang='lat' dir='ltr'>ld</span> <span class='ocrx_word' id='word_1_198' title='bbox 365 1704 427 1769; x_wconf 87' lang='lat' dir='ltr'>quod</span> <span class='ocrx_word' id='word_1_199' title='bbox 443 1704 542 1755; x_wconf 82' lang='lat' dir='ltr'>Christus</span> <span class='ocrx_word' id='word_1_200' title='bbox 556 1710 587 1755; x_wconf 92' lang='lat' dir='ltr'>eis</span> <span class='ocrx_word' id='word_1_201' title='bbox 603 1709 673 1753; x_wconf 86' lang='lat' dir='ltr'>altero</span> <span class='ocrx_word' id='word_1_202' title='bbox 690 1723 729 1752; x_wconf 91' lang='lat' dir='ltr'>suo</span> <span class='ocrx_word' id='word_1_203' title='bbox 744 1721 852 1766; x_wconf 90' lang='lat' dir='ltr'>responso</span> <span class='ocrx_word' id='word_1_204' title='bbox 867 1722 956 1766; x_wconf 87' lang='lat' dir='ltr'>quoque</span> 
     </span>
     <span class='ocr_line' id='line_1_22' title="bbox 89 1770 958 1840; baseline 0.002 -19"><span class='ocrx_word' id='word_1_205' title='bbox 89 1779 210 1837; x_wconf 86' lang='lat' dir='ltr'>exprobrat</span> <span class='ocrx_word' id='word_1_206' title='bbox 221 1796 242 1824; x_wconf 91' lang='lat' dir='ltr'>v.</span> <span class='ocrx_word' id='word_1_207' title='bbox 257 1785 368 1826; x_wconf 73' lang='lat' dir='ltr'>racanas</span> <span class='ocrx_word' id='word_1_208' title='bbox 382 1789 458 1825; x_wconf 78' lang='lat' dir='ltr'>arctam</span> <span class='ocrx_word' id='word_1_209' title='bbox 468 1781 545 1825; x_wconf 78' lang='lat' dir='ltr'>discite</span> <span class='ocrx_word' id='word_1_210' title='bbox 558 1780 615 1840; x_wconf 72' lang='lat' dir='ltr'>qnid</span> <span class='ocrx_word' id='word_1_211' title='bbox 623 1788 679 1824; x_wconf 51' lang='grc' dir='ltr'>θείη·</span> <span class='ocrx_word' id='word_1_212' title='bbox 691 1778 868 1823; x_wconf 63' lang='lat' dir='ltr'>adstruendam</span> <span class='ocrx_word' id='word_1_213' title='bbox 874 1770 927 1823; x_wconf 58' lang='lat' dir='ltr'>&#39;nola</span> <span class='ocrx_word' id='word_1_214' title='bbox 936 1788 958 1823; x_wconf 78' lang='lat' dir='ltr'>ct</span> 
     </span>
     <span class='ocr_line' id='line_1_23' title="bbox 87 1849 1019 1912; baseline 0.001 -20"><span class='ocrx_word' id='word_1_215' title='bbox 87 1849 957 1912; x_wconf 73' lang='lat' dir='ltr'>nonsacr·z&#39;licr&#39;urn;locutioestindisputationibusetdemonstrationibusrab·</span> <span class='ocrx_word' id='word_1_216' title='bbox 1018 1869 1019 1872; x_wconf 42' lang='lat'>¹</span> 
     </span>
     <span class='ocr_line' id='line_1_24' title="bbox 87 1920 957 1983; baseline 0.001 -20"><span class='ocrx_word' id='word_1_217' title='bbox 87 1920 195 1966; x_wconf 89' lang='lat' dir='ltr'>binorum</span> <span class='ocrx_word' id='word_1_218' title='bbox 210 1923 341 1983; x_wconf 85' lang='lat' dir='ltr'>frequenter</span> <span class='ocrx_word' id='word_1_219' title='bbox 355 1923 459 1967; x_wconf 88' lang='lat' dir='ltr'>adhibita</span> <span class='ocrx_word' id='word_1_220' title='bbox 479 1938 483 1968; x_wconf 90' lang='lat'>:</span> <span class='ocrx_word' id='word_1_221' title='bbox 499 1923 536 1967; x_wconf 87' lang='lat' dir='ltr'>abi</span> <span class='ocrx_word' id='word_1_222' title='bbox 549 1926 571 1967; x_wconf 92' lang='lat' dir='ltr'>et</span> <span class='ocrx_word' id='word_1_223' title='bbox 587 1923 646 1966; x_wconf 86' lang='lat' dir='ltr'>disce</span> <span class='ocrx_word' id='word_1_224' title='bbox 658 1920 708 1979; x_wconf 71' lang='lat' dir='ltr'>nabi</span> <span class='ocrx_word' id='word_1_225' title='bbox 720 1936 748 1970; x_wconf 76' lang='lat' dir='ltr'>rr</span> <span class='ocrx_word' id='word_1_226' title='bbox 769 1921 804 1979; x_wconf 86' lang='lat' dir='ltr'>(cl.</span> <span class='ocrx_word' id='word_1_227' title='bbox 822 1920 957 1980; x_wconf 78' lang='lat' dir='ltr'>Soboettpen</span> 
     </span>
     <span class='ocr_line' id='line_1_25' title="bbox 87 1987 956 2054; baseline 0 -18"><span class='ocrx_word' id='word_1_228' title='bbox 87 2006 110 2050; x_wconf 91' lang='lat' dir='ltr'>p.</span> <span class='ocrx_word' id='word_1_229' title='bbox 128 1992 173 2052; x_wconf 75' lang='lat' dir='ltr'>aa).</span> <span class='ocrx_word' id='word_1_230' title='bbox 193 1997 253 2054; x_wconf 87' lang='lat' dir='ltr'>Iesus</span> <span class='ocrx_word' id='word_1_231' title='bbox 264 1995 349 2052; x_wconf 86' lang='lat' dir='ltr'>allegat</span> <span class='ocrx_word' id='word_1_232' title='bbox 361 1997 395 2039; x_wconf 82' lang='lat' dir='ltr'>Os.</span> <span class='ocrx_word' id='word_1_233' title='bbox 409 1994 457 2049; x_wconf 39' lang='lat' dir='ltr'>o‚6*;</span> <span class='ocrx_word' id='word_1_234' title='bbox 469 1994 493 2037; x_wconf 86' lang='lat' dir='ltr'>in</span> <span class='ocrx_word' id='word_1_235' title='bbox 504 1993 570 2038; x_wconf 83' lang='lat' dir='ltr'>hebr.</span> <span class='ocrx_word' id='word_1_236' title='bbox 584 2010 625 2043; x_wconf 66' lang='lat' dir='ltr'>aaa</span> <span class='ocrx_word' id='word_1_237' title='bbox 641 1994 656 2037; x_wconf 89' lang='lat' dir='ltr'>i.</span> <span class='ocrx_word' id='word_1_238' title='bbox 675 2009 694 2038; x_wconf 88' lang='lat' dir='ltr'>e.</span> <span class='ocrx_word' id='word_1_239' title='bbox 711 1997 767 2036; x_wconf 82' lang='lat' dir='ltr'>Deus</span> <span class='ocrx_word' id='word_1_240' title='bbox 777 1987 821 2036; x_wconf 90' lang='lat' dir='ltr'>sibi</span> <span class='ocrx_word' id='word_1_241' title='bbox 831 1988 956 2052; x_wconf 88' lang='lat' dir='ltr'>complacet</span> 
     </span>
     <span class='ocr_line' id='line_1_26' title="bbox 86 2054 953 2127; baseline 0.003 -22"><span class='ocrx_word' id='word_1_242' title='bbox 86 2062 111 2106; x_wconf 93' lang='lat' dir='ltr'>in</span> <span class='ocrx_word' id='word_1_243' title='bbox 120 2063 251 2121; x_wconf 81' lang='lat' dir='ltr'>dilectione,</span> <span class='ocrx_word' id='word_1_244' title='bbox 263 2057 356 2125; x_wconf 83' lang='lat' dir='ltr'>pietate,</span> <span class='ocrx_word' id='word_1_245' title='bbox 365 2065 388 2109; x_wconf 90' lang='lat' dir='ltr'>in</span> <span class='ocrx_word' id='word_1_246' title='bbox 398 2054 468 2111; x_wconf 83' lang='lat' dir='ltr'>animi</span> <span class='ocrx_word' id='word_1_247' title='bbox 475 2065 550 2123; x_wconf 87' lang='lat' dir='ltr'>gratia</span> <span class='ocrx_word' id='word_1_248' title='bbox 561 2068 583 2108; x_wconf 90' lang='lat' dir='ltr'>ct</span> <span class='ocrx_word' id='word_1_249' title='bbox 590 2058 718 2121; x_wconf 75' lang='lat' dir='ltr'>olementia3</span> <span class='ocrx_word' id='word_1_250' title='bbox 730 2064 816 2108; x_wconf 86' lang='lat' dir='ltr'>cultum</span> <span class='ocrx_word' id='word_1_251' title='bbox 825 2066 953 2127; x_wconf 82' lang='lat' dir='ltr'>externum,</span> 
     </span>
     <span class='ocr_line' id='line_1_27' title="bbox 87 2135 956 2197; baseline 0.002 -20"><span class='ocrx_word' id='word_1_252' title='bbox 87 2135 224 2180; x_wconf 86' lang='lat' dir='ltr'>sacrificium</span> <span class='ocrx_word' id='word_1_253' title='bbox 237 2151 263 2181; x_wconf 91' lang='lat' dir='ltr'>eo</span> <span class='ocrx_word' id='word_1_254' title='bbox 280 2137 360 2197; x_wconf 91' lang='lat' dir='ltr'>spiritu</span> <span class='ocrx_word' id='word_1_255' title='bbox 377 2136 510 2181; x_wconf 89' lang='lat' dir='ltr'>destitutum</span> <span class='ocrx_word' id='word_1_256' title='bbox 522 2136 608 2196; x_wconf 86' lang='lat' dir='ltr'>respuit</span> <span class='ocrx_word' id='word_1_257' title='bbox 622 2135 682 2195; x_wconf 85' lang='lat' dir='ltr'>(vide</span> <span class='ocrx_word' id='word_1_258' title='bbox 696 2149 773 2179; x_wconf 89' lang='lat' dir='ltr'>meum</span> <span class='ocrx_word' id='word_1_259' title='bbox 788 2136 913 2179; x_wconf 81' lang='lat' dir='ltr'>Commeat.</span> <span class='ocrx_word' id='word_1_260' title='bbox 930 2135 956 2179; x_wconf 89' lang='lat' dir='ltr'>in</span> 
     </span>
     <span class='ocr_line' id='line_1_28' title="bbox 86 2206 955 2267; baseline 0.001 -19"><span class='ocrx_word' id='word_1_261' title='bbox 86 2206 170 2265; x_wconf 86' lang='lat' dir='ltr'>Proph.</span> <span class='ocrx_word' id='word_1_262' title='bbox 188 2207 243 2251; x_wconf 89' lang='lat' dir='ltr'>min.</span> <span class='ocrx_word' id='word_1_263' title='bbox 261 2211 303 2267; x_wconf 84' lang='lat' dir='ltr'>lp.</span> <span class='ocrx_word' id='word_1_264' title='bbox 315 2207 363 2267; x_wconf 82' lang='lat'>89);</span> <span class='ocrx_word' id='word_1_265' title='bbox 382 2207 443 2251; x_wconf 91' lang='lat' dir='ltr'>unde</span> <span class='ocrx_word' id='word_1_266' title='bbox 461 2208 543 2251; x_wconf 88' lang='lat' dir='ltr'>durum</span> <span class='ocrx_word' id='word_1_267' title='bbox 558 2207 624 2251; x_wconf 91' lang='lat' dir='ltr'>illum</span> <span class='ocrx_word' id='word_1_268' title='bbox 639 2206 768 2251; x_wconf 90' lang='lat' dir='ltr'>animorum</span> <span class='ocrx_word' id='word_1_269' title='bbox 782 2220 871 2249; x_wconf 90' lang='lat' dir='ltr'>sensum</span> <span class='ocrx_word' id='word_1_270' title='bbox 888 2221 955 2264; x_wconf 88' lang='lat' dir='ltr'>quem</span> 
     </span>
     <span class='ocr_line' id='line_1_29' title="bbox 87 2268 955 2339; baseline -0.001 -19"><span class='ocrx_word' id='word_1_271' title='bbox 87 2268 169 2333; x_wconf 89' lang='lat' dir='ltr'>gerant</span> <span class='ocrx_word' id='word_1_272' title='bbox 181 2278 205 2320; x_wconf 92' lang='lat' dir='ltr'>in</span> <span class='ocrx_word' id='word_1_273' title='bbox 217 2281 376 2339; x_wconf 90' lang='lat' dir='ltr'>peccatoresa</span> <span class='ocrx_word' id='word_1_274' title='bbox 392 2281 436 2322; x_wconf 83' lang='lat' dir='ltr'>Deo</span> <span class='ocrx_word' id='word_1_275' title='bbox 451 2278 556 2322; x_wconf 88' lang='lat' dir='ltr'>damnari</span> <span class='ocrx_word' id='word_1_276' title='bbox 572 2278 636 2321; x_wconf 91' lang='lat' dir='ltr'>docet</span> <span class='ocrx_word' id='word_1_277' title='bbox 651 2281 673 2332; x_wconf 83' lang='lat' dir='ltr'>et</span> <span class='ocrx_word' id='word_1_278' title='bbox 685 2277 741 2333; x_wconf 86' lang='lat' dir='ltr'>legis</span> <span class='ocrx_word' id='word_1_279' title='bbox 761 2276 862 2320; x_wconf 89' lang='lat' dir='ltr'>doctores</span> <span class='ocrx_word' id='word_1_280' title='bbox 877 2277 955 2335; x_wconf 86' lang='lat' dir='ltr'>phari-</span> 
     </span>
     <span class='ocr_line' id='line_1_30' title="bbox 86 2340 954 2409; baseline -0.001 -18"><span class='ocrx_word' id='word_1_281' title='bbox 86 2362 194 2408; x_wconf 83' lang='lat' dir='ltr'>saeosque</span> <span class='ocrx_word' id='word_1_282' title='bbox 212 2350 323 2409; x_wconf 84' lang='lat' dir='ltr'>quisnam</span> <span class='ocrx_word' id='word_1_283' title='bbox 333 2349 390 2406; x_wconf 91' lang='lat' dir='ltr'>legis</span> <span class='ocrx_word' id='word_1_284' title='bbox 403 2350 505 2393; x_wconf 87' lang='lat' dir='ltr'>notitiam</span> <span class='ocrx_word' id='word_1_285' title='bbox 518 2352 540 2392; x_wconf 91' lang='lat' dir='ltr'>et</span> <span class='ocrx_word' id='word_1_286' title='bbox 549 2340 716 2393; x_wconf 86' lang='lat' dir='ltr'>observantiam</span> <span class='ocrx_word' id='word_1_287' title='bbox 729 2348 813 2391; x_wconf 90' lang='lat' dir='ltr'>iactent</span> <span class='ocrx_word' id='word_1_288' title='bbox 827 2347 852 2390; x_wconf 93' lang='lat' dir='ltr'>id</span> <span class='ocrx_word' id='word_1_289' title='bbox 861 2347 921 2405; x_wconf 86' lang='lat' dir='ltr'>quod</span> <span class='ocrx_word' id='word_1_290' title='bbox 931 2349 954 2391; x_wconf 87' lang='lat' dir='ltr'>in</span> 
     </span>
     <span class='ocr_line' id='line_1_31' title="bbox 86 2418 956 2480; baseline 0 -18"><span class='ocrx_word' id='word_1_291' title='bbox 86 2418 956 2480; x_wconf 69' lang='lat' dir='ltr'>legepraecipuumsitacpalmareturpiterignOrareetnegligereconvincit.</span> 
     </span>
    </p>

    <p class='ocr_par' dir='ltr' id='par_1_5' title="bbox 80 2481 990 3190">
     <span class='ocr_line' id='line_1_32' title="bbox 115 2481 958 2551; baseline -0.001 -16"><span class='ocrx_word' id='word_1_292' title='bbox 115 2491 198 2541; x_wconf 84' lang='lat' dir='ltr'>Quodsi</span> <span class='ocrx_word' id='word_1_293' title='bbox 209 2492 364 2549; x_wconf 77' lang='lat' dir='ltr'>intelligerent</span> <span class='ocrx_word' id='word_1_294' title='bbox 374 2492 524 2551; x_wconf 83' lang='lat' dir='ltr'>Scripiuram,</span> <span class='ocrx_word' id='word_1_295' title='bbox 535 2492 687 2551; x_wconf 89' lang='lat' dir='ltr'>perspicerent</span> <span class='ocrx_word' id='word_1_296' title='bbox 698 2489 765 2533; x_wconf 90' lang='lat' dir='ltr'>ctiam</span> <span class='ocrx_word' id='word_1_297' title='bbox 775 2489 875 2533; x_wconf 87' lang='lat' dir='ltr'>llessiam</span> <span class='ocrx_word' id='word_1_298' title='bbox 890 2490 919 2533; x_wconf 90' lang='lat' dir='ltr'>ad</span> <span class='ocrx_word' id='word_1_299' title='bbox 931 2481 958 2534; x_wconf 51' lang='lat' dir='ltr'>idl</span> 
     </span>
     <span class='ocr_line' id='line_1_33' title="bbox 85 2562 954 2622; baseline 0.001 -18"><span class='ocrx_word' id='word_1_300' title='bbox 85 2562 161 2605; x_wconf 91' lang='lat' dir='ltr'>venire</span> <span class='ocrx_word' id='word_1_301' title='bbox 173 2565 194 2605; x_wconf 93' lang='lat' dir='ltr'>et</span> <span class='ocrx_word' id='word_1_302' title='bbox 208 2563 268 2606; x_wconf 91' lang='lat' dir='ltr'>hanc</span> <span class='ocrx_word' id='word_1_303' title='bbox 282 2578 328 2607; x_wconf 87' lang='lat' dir='ltr'>esse</span> <span class='ocrx_word' id='word_1_304' title='bbox 346 2564 445 2607; x_wconf 88' lang='lat' dir='ltr'>muneris</span> <span class='ocrx_word' id='word_1_305' title='bbox 458 2563 506 2607; x_wconf 91' lang='lat' dir='ltr'>eius</span> <span class='ocrx_word' id='word_1_306' title='bbox 516 2564 665 2607; x_wconf 86' lang='lat' dir='ltr'>rationemut</span> <span class='ocrx_word' id='word_1_307' title='bbox 673 2563 804 2622; x_wconf 88' lang='lat' dir='ltr'>peccatores</span> <span class='ocrx_word' id='word_1_308' title='bbox 817 2564 861 2605; x_wconf 84' lang='lat' dir='ltr'>Deo</span> <span class='ocrx_word' id='word_1_309' title='bbox 873 2575 954 2605; x_wconf 85' lang='lat' dir='ltr'>recon-</span> 
     </span>
     <span class='ocr_line' id='line_1_34' title="bbox 84 2629 990 2693; baseline 0 -18"><span class='ocrx_word' id='word_1_310' title='bbox 84 2632 157 2678; x_wconf 90' lang='lat' dir='ltr'>ciliet:</span> <span class='ocrx_word' id='word_1_311' title='bbox 170 2648 215 2677; x_wconf 83' lang='lat' dir='ltr'>non</span> <span class='ocrx_word' id='word_1_312' title='bbox 226 2633 285 2677; x_wconf 74' lang='lat' dir='ltr'>enim</span> <span class='ocrx_word' id='word_1_313' title='bbox 295 2634 435 2678; x_wconf 79' lang='lat' dir='ltr'>oeru&#39;vocare</span> <span class='ocrx_word' id='word_1_314' title='bbox 448 2634 517 2678; x_wconf 79' lang='lat' dir='ltr'>iustos</span> <span class='ocrx_word' id='word_1_315' title='bbox 529 2633 569 2678; x_wconf 81' lang='lat' dir='ltr'>sed</span> <span class='ocrx_word' id='word_1_316' title='bbox 576 2641 718 2693; x_wconf 59' lang='lat' dir='ltr'>peccamina·</span> <span class='ocrx_word' id='word_1_317' title='bbox 727 2633 759 2676; x_wconf 89' lang='lat' dir='ltr'>ita</span> <span class='ocrx_word' id='word_1_318' title='bbox 772 2632 838 2676; x_wconf 90' lang='lat' dir='ltr'>tertio</span> <span class='ocrx_word' id='word_1_319' title='bbox 847 2646 953 2691; x_wconf 89' lang='lat' dir='ltr'>responso</span> <span class='ocrx_word' id='word_1_320' title='bbox 986 2629 990 2637; x_wconf 88' lang='grc'><strong>’</strong></span> 
     </span>
     <span class='ocr_line' id='line_1_35' title="bbox 84 2702 953 2765; baseline 0 -18"><span class='ocrx_word' id='word_1_321' title='bbox 84 2705 195 2749; x_wconf 90' lang='lat' dir='ltr'>rationem</span> <span class='ocrx_word' id='word_1_322' title='bbox 208 2704 283 2748; x_wconf 88' lang='lat' dir='ltr'>reddit</span> <span class='ocrx_word' id='word_1_323' title='bbox 300 2720 341 2749; x_wconf 87' lang='lat' dir='ltr'>cur</span> <span class='ocrx_word' id='word_1_324' title='bbox 353 2705 509 2763; x_wconf 86' lang='lat' dir='ltr'>peccatoribus</span> <span class='ocrx_word' id='word_1_325' title='bbox 525 2720 572 2750; x_wconf 91' lang='lat' dir='ltr'>sese</span> <span class='ocrx_word' id='word_1_326' title='bbox 588 2704 679 2765; x_wconf 25' lang='lat' dir='ltr'>sociare*</span> <span class='ocrx_word' id='word_1_327' title='bbox 688 2718 733 2747; x_wconf 90' lang='lat' dir='ltr'>non</span> <span class='ocrx_word' id='word_1_328' title='bbox 750 2702 893 2758; x_wconf 73' lang='lat' dir='ltr'>dedignetur.</span> <span class='ocrx_word' id='word_1_329' title='bbox 912 2706 953 2747; x_wconf 83' lang='lat' dir='ltr'>Eos</span> 
     </span>
     <span class='ocr_line' id='line_1_36' title="bbox 83 2771 954 2833; baseline -0.001 -14"><span class='ocrx_word' id='word_1_330' title='bbox 83 2777 143 2820; x_wconf 90' lang='lat' dir='ltr'>enim</span> <span class='ocrx_word' id='word_1_331' title='bbox 157 2791 236 2820; x_wconf 77' lang='lat' dir='ltr'>occure</span> <span class='ocrx_word' id='word_1_332' title='bbox 247 2777 263 2821; x_wconf 94' lang='lat' dir='ltr'>i.</span> <span class='ocrx_word' id='word_1_333' title='bbox 281 2791 300 2820; x_wconf 90' lang='lat' dir='ltr'>e.</span> <span class='ocrx_word' id='word_1_334' title='bbox 312 2776 341 2820; x_wconf 87' lang='lat' dir='ltr'>ad</span> <span class='ocrx_word' id='word_1_335' title='bbox 355 2778 425 2819; x_wconf 86' lang='lat' dir='ltr'>Deum</span> <span class='ocrx_word' id='word_1_336' title='bbox 438 2771 546 2820; x_wconf 85' lang='lat' dir='ltr'>reducere</span> <span class='ocrx_word' id='word_1_337' title='bbox 556 2776 611 2819; x_wconf 88' lang='lat' dir='ltr'>vult.</span> <span class='ocrx_word' id='word_1_338' title='bbox 622 2775 674 2818; x_wconf 89' lang='lat' dir='ltr'>ldeo</span> <span class='ocrx_word' id='word_1_339' title='bbox 687 2772 878 2833; x_wconf 89' lang='lat' dir='ltr'>praedicationem</span> <span class='ocrx_word' id='word_1_340' title='bbox 885 2787 954 2832; x_wconf 16' lang='lat' dir='ltr'>‘suam</span> 
     </span>
     <span class='ocr_line' id='line_1_37' title="bbox 83 2842 954 2907; baseline -0.002 -17"><span class='ocrx_word' id='word_1_341' title='bbox 83 2848 213 2907; x_wconf 90' lang='lat' dir='ltr'>auspicatur</span> <span class='ocrx_word' id='word_1_342' title='bbox 219 2846 375 2907; x_wconf 87' lang='lat' dir='ltr'>apoenitentia</span> <span class='ocrx_word' id='word_1_343' title='bbox 382 2850 433 2902; x_wconf 69' lang='grc' dir='ltr'>Ιι,17</span> <span class='ocrx_word' id='word_1_344' title='bbox 442 2861 487 2906; x_wconf 84' lang='lat' dir='ltr'>qua</span> <span class='ocrx_word' id='word_1_345' title='bbox 495 2846 599 2903; x_wconf 89' lang='lat' dir='ltr'>indigere</span> <span class='ocrx_word' id='word_1_346' title='bbox 607 2859 684 2889; x_wconf 88' lang='lat' dir='ltr'>onmes</span> <span class='ocrx_word' id='word_1_347' title='bbox 691 2842 794 2888; x_wconf 88' lang='lat' dir='ltr'>ostendit.</span> <span class='ocrx_word' id='word_1_348' title='bbox 803 2845 885 2888; x_wconf 80' lang='lat' dir='ltr'>Omnes</span> <span class='ocrx_word' id='word_1_349' title='bbox 894 2846 954 2889; x_wconf 89' lang='lat' dir='ltr'>enim</span> 
     </span>
     <span class='ocr_line' id='line_1_38' title="bbox 81 2914 954 2976; baseline -0.001 -15"><span class='ocrx_word' id='word_1_350' title='bbox 81 2919 177 2976; x_wconf 87' lang='lat' dir='ltr'>peccatis</span> <span class='ocrx_word' id='word_1_351' title='bbox 188 2922 239 2962; x_wconf 90' lang='lat' dir='ltr'>sunt</span> <span class='ocrx_word' id='word_1_352' title='bbox 249 2919 351 2974; x_wconf 81' lang='lat' dir='ltr'>obnoxii,</span> <span class='ocrx_word' id='word_1_353' title='bbox 364 2932 441 2973; x_wconf 88' lang='lat' dir='ltr'>omnes</span> <span class='ocrx_word' id='word_1_354' title='bbox 452 2917 528 2974; x_wconf 82' lang='lat' dir='ltr'>aegri,</span> <span class='ocrx_word' id='word_1_355' title='bbox 546 2931 600 2974; x_wconf 88' lang='lat' dir='ltr'>ergo</span> <span class='ocrx_word' id='word_1_356' title='bbox 618 2916 722 2973; x_wconf 87' lang='lat' dir='ltr'>indigent</span> <span class='ocrx_word' id='word_1_357' title='bbox 735 2914 834 2970; x_wconf 86' lang='lat' dir='ltr'>medico,</span> <span class='ocrx_word' id='word_1_358' title='bbox 849 2916 954 2974; x_wconf 84' lang='lat' dir='ltr'>indigent</span> 
     </span>
     <span class='ocr_line' id='line_1_39' title="bbox 81 2986 954 3048; baseline -0.001 -16"><span class='ocrx_word' id='word_1_359' title='bbox 81 2989 203 3043; x_wconf 88' lang='lat' dir='ltr'>salvatore;</span> <span class='ocrx_word' id='word_1_360' title='bbox 221 3008 230 3029; x_wconf 74' lang='lat' dir='ltr'>a</span> <span class='ocrx_word' id='word_1_361' title='bbox 243 2993 264 3032; x_wconf 87' lang='lat' dir='ltr'>et</span> <span class='ocrx_word' id='word_1_362' title='bbox 275 2992 325 3048; x_wconf 87' lang='lat' dir='ltr'>quis</span> <span class='ocrx_word' id='word_1_363' title='bbox 336 3005 381 3035; x_wconf 92' lang='lat' dir='ltr'>non</span> <span class='ocrx_word' id='word_1_364' title='bbox 392 2992 440 3035; x_wconf 87' lang='lat' dir='ltr'>erat</span> <span class='ocrx_word' id='word_1_365' title='bbox 451 2991 556 3047; x_wconf 86' lang='lat' dir='ltr'>aegrotus</span> <span class='ocrx_word' id='word_1_366' title='bbox 568 2989 616 3048; x_wconf 91' lang='lat' dir='ltr'>ipsa</span> <span class='ocrx_word' id='word_1_367' title='bbox 625 2988 716 3045; x_wconf 85' lang='lat' dir='ltr'>generis</span> <span class='ocrx_word' id='word_1_368' title='bbox 725 2986 822 3031; x_wconf 86' lang='lat' dir='ltr'>humani</span> <span class='ocrx_word' id='word_1_369' title='bbox 832 2987 863 3031; x_wconf 89' lang='lat' dir='ltr'>sic</span> <span class='ocrx_word' id='word_1_370' title='bbox 872 3002 954 3045; x_wconf 88' lang='lat' dir='ltr'>aegro-</span> 
     </span>
     <span class='ocr_line' id='line_1_40' title="bbox 80 3059 954 3121; baseline -0.001 -18"><span class='ocrx_word' id='word_1_371' title='bbox 80 3062 142 3104; x_wconf 84' lang='lat' dir='ltr'>tante</span> <span class='ocrx_word' id='word_1_372' title='bbox 156 3063 239 3104; x_wconf 85' lang='lat' dir='ltr'>natura</span> <span class='ocrx_word' id='word_1_373' title='bbox 253 3077 263 3099; x_wconf 70' lang='lat' dir='ltr'>&gt;r</span> <span class='ocrx_word' id='word_1_374' title='bbox 278 3060 312 3118; x_wconf 75' lang='lat' dir='ltr'>(S.</span> <span class='ocrx_word' id='word_1_375' title='bbox 329 3062 431 3121; x_wconf 73' lang='lat' dir='ltr'>Cdrysol.</span> <span class='ocrx_word' id='word_1_376' title='bbox 450 3062 516 3106; x_wconf 90' lang='lat' dir='ltr'>serm.</span> <span class='ocrx_word' id='word_1_377' title='bbox 535 3059 587 3120; x_wconf 60' lang='lat' dir='ltr'>ibt?</span> <span class='ocrx_word' id='word_1_378' title='bbox 603 3074 680 3104; x_wconf 90' lang='lat' dir='ltr'>omnes</span> <span class='ocrx_word' id='word_1_379' title='bbox 695 3059 755 3103; x_wconf 90' lang='lat' dir='ltr'>enim</span> <span class='ocrx_word' id='word_1_380' title='bbox 769 3062 919 3118; x_wconf 86' lang='lat' dir='ltr'>peccaverunt</span> <span class='ocrx_word' id='word_1_381' title='bbox 933 3061 954 3102; x_wconf 89' lang='lat' dir='ltr'>et</span> 
     </span>
     <span class='ocr_line' id='line_1_41' title="bbox 82 3129 953 3190; baseline 0 -18"><span class='ocrx_word' id='word_1_382' title='bbox 82 3135 149 3187; x_wconf 88' lang='lat' dir='ltr'>egent</span> <span class='ocrx_word' id='word_1_383' title='bbox 156 3132 229 3189; x_wconf 86' lang='lat' dir='ltr'>gloria</span> <span class='ocrx_word' id='word_1_384' title='bbox 235 3131 273 3175; x_wconf 83' lang='lat' dir='ltr'>Dei</span> <span class='ocrx_word' id='word_1_385' title='bbox 282 3130 354 3190; x_wconf 82' lang='lat' dir='ltr'>(Rom.</span> <span class='ocrx_word' id='word_1_386' title='bbox 365 3137 416 3186; x_wconf 56' lang='grc'>333</span> <span class='ocrx_word' id='word_1_387' title='bbox 425 3149 429 3189; x_wconf 87' lang='grc'>;</span> <span class='ocrx_word' id='word_1_388' title='bbox 438 3134 488 3177; x_wconf 89' lang='lat' dir='ltr'>sim.</span> <span class='ocrx_word' id='word_1_389' title='bbox 496 3134 519 3177; x_wconf 81' lang='lat' dir='ltr'>S.</span> <span class='ocrx_word' id='word_1_390' title='bbox 528 3131 606 3178; x_wconf 71' lang='lat' dir='ltr'>Pescla</span> <span class='ocrx_word' id='word_1_391' title='bbox 618 3131 694 3176; x_wconf 79' lang='lat' dir='ltr'>Tlrcm.</span> <span class='ocrx_word' id='word_1_392' title='bbox 706 3129 752 3174; x_wconf 74' lang='lat' dir='ltr'>cat.</span> <span class='ocrx_word' id='word_1_393' title='bbox 761 3129 815 3190; x_wconf 90' lang='lat' dir='ltr'>etc.)</span> <span class='ocrx_word' id='word_1_394' title='bbox 824 3133 845 3174; x_wconf 91' lang='lat' dir='ltr'>et</span> <span class='ocrx_word' id='word_1_395' title='bbox 853 3130 953 3189; x_wconf 89' lang='lat' dir='ltr'>quicum-</span> 
     </span>
    </p>
   </div>
   <div class='ocr_carea' id='block_1_3' title="bbox 83 3193 952 3309">
    <p class='ocr_par' dir='ltr' id='par_1_6' title="bbox 83 3193 952 3309">
     <span class='ocr_line' id='line_1_42' title="bbox 83 3193 952 3263; baseline -0.001 -21"><span class='ocrx_word' id='word_1_396' title='bbox 83 3215 126 3259; x_wconf 82' lang='lat' dir='ltr'>que</span> <span class='ocrx_word' id='word_1_397' title='bbox 135 3203 188 3247; x_wconf 90' lang='lat' dir='ltr'>iusti</span> <span class='ocrx_word' id='word_1_398' title='bbox 198 3206 259 3257; x_wconf 83' lang='lat' dir='ltr'>sunt,</span> <span class='ocrx_word' id='word_1_399' title='bbox 271 3217 317 3245; x_wconf 89' lang='lat' dir='ltr'>non</span> <span class='ocrx_word' id='word_1_400' title='bbox 326 3204 437 3247; x_wconf 87' lang='lat' dir='ltr'>suntiusti</span> <span class='ocrx_word' id='word_1_401' title='bbox 447 3204 490 3248; x_wconf 89' lang='lat' dir='ltr'>nisi</span> <span class='ocrx_word' id='word_1_402' title='bbox 501 3219 542 3263; x_wconf 90' lang='lat' dir='ltr'>per</span> <span class='ocrx_word' id='word_1_403' title='bbox 551 3193 672 3248; x_wconf 87' lang='lat' dir='ltr'>Christum.</span> <span class='ocrx_word' id='word_1_404' title='bbox 682 3201 743 3247; x_wconf 91' lang='lat' dir='ltr'>Unde</span> <span class='ocrx_word' id='word_1_405' title='bbox 754 3201 858 3245; x_wconf 87' lang='lat' dir='ltr'>concludi</span> <span class='ocrx_word' id='word_1_406' title='bbox 867 3202 952 3258; x_wconf 86' lang='lat' dir='ltr'>oportet</span> 
     </span>
     <span class='ocr_line' id='line_1_43' title="bbox 351 3271 682 3309; baseline 0.024 -8"><span class='ocrx_word' id='word_1_407' title='bbox 351 3271 479 3304; x_wconf 68' lang='lat' dir='ltr'>Iluaumnanun</span> <span class='ocrx_word' id='word_1_408' title='bbox 491 3282 508 3305; x_wconf 80' lang='lat' dir='ltr'>nr</span> <span class='ocrx_word' id='word_1_409' title='bbox 520 3275 587 3308; x_wconf 77' lang='lat' dir='ltr'>blarru.</span> <span class='ocrx_word' id='word_1_410' title='bbox 600 3276 613 3309; x_wconf 86' lang='lat' dir='ltr'>I.</span> <span class='ocrx_word' id='word_1_411' title='bbox 626 3295 646 3301; x_wconf 91' lang='lat'>—</span> <span class='ocrx_word' id='word_1_412' title='bbox 659 3279 682 3309; x_wconf 79' lang='lat' dir='ltr'>ll.</span> 
     </span>
    </p>
   </div>
   <div class='ocr_carea' id='block_1_4' title="bbox 0 0 1110 3575">
    <p class='ocr_par' dir='ltr' id='par_1_7' title="bbox 0 0 1110 3575">
     <span class='ocr_line' id='line_1_44' title="bbox 0 0 1110 3575; baseline 0 4"><span class='ocrx_word' id='word_1_413' title='bbox 0 0 1110 3575; x_wconf 95' lang='lat' dir='ltr'> </span> 
     </span>
    </p>
   </div>
  </div>
 </body>
</html>
