2211 3575
459 268 534 309 viarm.
552 259 584 307 lt,
601 259 641 298 23.
949 252 986 289 til

112 355 170 409 apud
179 357 245 398 Deum
255 359 331 404 merito
342 358 436 411 illudque
446 371 472 400 ne
482 360 577 400 Christus
588 360 676 412 quidem
686 359 758 400 subire
769 356 873 399 recusavit
883 355 905 395 in
914 356 988 394 monte

112 422 186 463 oliveti
200 425 286 477 :coepit
300 425 396 476 taedere,
408 428 605 478 pavere‚‘moestus
618 427 728 474 esseetc.;
745 425 834 465 alterum
848 421 921 463 autern
935 432 988 460 nun-

112 498 176 538 quam
187 489 269 529 evenire
279 492 348 541 potest
359 491 405 535 sine
420 493 513 543 peccato.
527 490 619 531 Proinde
630 490 729 530 loannem
743 489 850 529 dubitasse
861 488 886 527 de
896 488 944 527 Iesu
955 485 997 526 di-·

112 551 193 604 gnitate
208 553 293 593 omnino
308 554 416 595 reliciatur
432 556 525 606 oportet;
542 566 611 606 neque
627 554 683 594 enim
698 565 722 593 ea
739 553 765 592 de
780 550 803 592 re
818 552 862 590 sine
875 546 950 602 magna
966 550 987 589 in

111 618 180 657 Deum
191 617 268 658 iniuria
284 619 381 666 dubitare
395 618 473 671 potuit;
490 630 540 658 nam
554 620 603 670 quis
613 619 676 666 ieret,
695 621 718 659 ut
732 620 777 658 Deo
792 616 886 668 loquenti
896 625 920 655 ac
930 626 988 654 reve-

111 682 165 721 lanti
175 694 218 722 non
230 684 354 735 plenissima
371 684 424 723 fides
435 683 573 723 adhibeatur?
583 684 640 723 Sicut
650 684 719 735 itaque
729 685 817 724 loannes
835 682 930 721 dubitare
946 691 987 719 non
1051 674 1055 680 “

111 748 195 798 poterat
205 748 230 788 de
240 750 368 789 revelatione
376 748 420 795 sibi
432 748 533 788 divinitus
543 748 598 787 facta
608 750 628 787 et
636 748 695 799 signo
704 747 878 787 manifestissimo
889 756 985 797 compro-

111 812 161 851 bata
168 815 189 852 et
197 815 325 862 confirmata,
336 813 366 852 ita
372 813 398 852 de
404 813 450 865 ipsa
457 813 578 853 rerevelata
586 812 672 852 dubium
679 812 792 852 admittere
799 823 841 851 non
847 813 935 862 peterat⁴
944 810 988 856 Qua

107 876 135 915 de
148 887 171 915 re
184 876 238 917 bene
251 877 324 918 statuit
335 877 358 917 S.
374 877 441 918 Tiona.
453 889 461 917 1:
476 892 485 914 α
498 879 583 917 constat
593 876 735 929 quoddubius
745 876 817 916 infide
828 877 858 914 est
866 874 958 923 infidelis
969 889 986 911 ».

110 939 152 979 Sed
166 941 213 991 quis
223 953 266 981 non
279 943 379 982 vereatur
393 942 456 982 talem
472 944 545 982 notam
560 941 643 982 inurere
657 942 676 981 ei
689 952 754 993 quem
767 936 854 993 propter
864 938 988 978 firmitatem

110 1016 133 1044 ac
143 1007 281 1046 constantiam
290 1007 387 1048 Christus
398 1007 450 1047 adeo
459 1007 544 1047 laudat?
597 1012 600 1016 “
641 1048 643 1051 ⁴
789 996 790 999 Ἴ

137 1072 202 1111 Recte
218 1072 288 1123 itaque
305 1073 324 1112 S.
342 1073 414 1111 Patres
431 1083 516 1112 omnem
533 1072 690 1113 dubitationem
707 1074 810 1113 aloanne
824 1070 944 1111 excludunt.
957 1070 987 1109 lta

111 1136 185 1175 scribit
198 1138 220 1177 S.
228 1138 274 1177 luti.
285 1150 292 1177 :
308 1151 318 1173 o
332 1138 420 1177 loannes
434 1137 530 1182 detentus
543 1138 566 1177 in
581 1149 667 1178 earcere
676 1138 793 1178 Dominum
803 1137 896 1187 ignorati
908 1137 929 1175 et
938 1146 987 1186 pro-

111 1201 176 1251 pheta
187 1204 256 1241 tantus
269 1204 336 1242 Deum
348 1213 413 1242 suum
425 1202 504 1241 nescit?
518 1202 589 1257 atqui
604 1193 714 1242 venturum
726 1205 752 1243 ¹ut
765 1201 858 1253 praeitor
871 1199 986 1248 nuntiavit,

111 1266 265 1306 consistentem
280 1270 304 1307 ut
317 1267 424 1319 propheta
438 1258 533 1319 agnovit,
549 1267 698 1307 adventantem
713 1269 737 1307 ut
754 1266 861 1306 confessor
876 1259 994 1311 veneratus

112 1333 151 1369 est.
164 1325 223 1371 Unde
234 1335 278 1371 tam
291 1332 362 1372 variae
374 1334 451 1372 ettam
464 1332 582 1373 abundanti
593 1332 638 1372 eius
650 1332 750 1372 scientiae
763 1342 821 1371 error
831 1330 938 1381 obrepsit?
951 1330 988 1368 sed

112 1406 244 1448 consequens
258 1397 283 1436 de
298 1409 323 1436 ee
338 1397 424 1436 Domini
440 1397 588 1438 testimonium
602 1397 675 1437 sentiri
687 1396 728 1436 hoc
744 1396 778 1436 ita
788 1407 830 1436 non
842 1393 904 1443 sinit;
918 1405 988 1445 neque

63 1478 65 1482 f
112 1471 163 1499 sane
174 1460 231 1499 credi
241 1463 320 1512 potest,
332 1461 423 1512 Spiritus
433 1462 503 1512 ¹sancti
516 1461 610 1513 gloriam
616 1462 639 1500 in
651 1472 734 1501 carcere
743 1461 815 1513 ,posito
823 1458 928 1507 defuisse,
940 1469 989 1498 cum

111 1525 216 1575 apostolis
227 1525 309 1565 virtutis
325 1537 379 1583 suae·
389 1526 462 1565 lumen
475 1529 531 1566 esset
544 1527 566 1565 in
580 1537 661 1566 carcere
671 1525 748 1578 positis
762 1522 916 1582 ministraturus
927 1539 945 1562 a.
957 1523 989 1562 Ad

112 1589 260 1630 testimoninm
274 1591 352 1631 christi
369 1591 498 1642 subsequens
514 1591 580 1630 etiam
594 1591 672 1631 Tbeed.
687 1591 766 1630 heracl.
783 1591 884 1642 provocat
897 1601 924 1629 ne
941 1589 991 1640 quis

111 1656 174 1705 putet
183 1655 282 1695 loannem
296 1655 383 1695 mobilis
394 1667 439 1695 esse
452 1655 591 1708 ingenii·(eet.
605 1654 654 1708 Co).
668 1655 764 1708 Oriqeaes
774 1666 858 1707 quoquc
868 1654 890 1693 in
900 1658 939 1693 cot.
952 1654 986 1694 Cr.

112 1719 141 1776 ait
151 1727 189 1758 eos
205 1720 240 1770 qui
253 1721 313 1759 missi
326 1719 405 1759 luerint
418 1720 516 1760 debuisse
531 1720 613 1760 discere
626 1722 641 1758 εἰ
651 1720 703 1764 αὐτὸς
717 1716 739 1767 {a
753 1722 762 1758 ὁ
775 1718 840 1768 elidar
851 1719 891 1758 hoc
900 1719 987 1758 scivisse

112 1785 214 1823 loannem
224 1787 295 1824 atron
305 1785 402 1837 potuisse
412 1784 434 1824 id
444 1785 517 1824 eadem
527 1785 610 1825 ratione
617 1776 730 1837 discipulis
740 1784 876 1836 persuadere;
887 1784 989 1823 loannem

112 1850 182 1889 solum
198 1860 236 1901 pro
252 1861 273 1889 se
289 1850 382 1890 voluisse
398 1850 528 1902 interrogare
545 1854 571 1890 an
587 1850 725 1891 descensurus
740 1852 797 1894 esset
813 1849 839 1889 ad
854 1849 941 1888 inferos.
957 1849 989 1888 Ad
1032 1889 1034 1891 ,

112 1925 179 1954 omne.
190 1915 272 1953 loannis
289 1915 379 1955 dubium
394 1914 549 1955 excludendum
565 1915 628 1955 etiam
642 1916 677 1955 illa
690 1915 796 1955 sententia
809 1914 834 1953 de
849 1914 951 1954 descensu
963 1913 989 1953 ad

112 1979 191 2018 inferos
206 1979 290 2019 invecta
302 1983 340 2019 θεῖ.
356 1980 423 2019 Omne
438 1991 521 2031 quoque
537 1980 628 2020 dubium
641 1993 653 2020 a
666 1981 745 2020 Ioanne
760 1981 855 2020 removet
868 1979 890 2019 S.
900 1978 989 2018 Ambro-

111 2046 164 2092 sius;
180 2058 190 2079 <r
205 2044 310 2095 quomodo
323 2044 381 2084 enim
394 2044 482 2083 loannes
495 2055 561 2095 quem
577 2045 598 2083 in
612 2045 755 2096 superioribus
769 2046 813 2084 Deo
826 2044 886 2083 Patre
900 2043 989 2083 demon-

112 2110 193 2148 strante
204 2109 309 2160 cognovit,
321 2108 357 2152 hic
369 2108 451 2147 nescit?
460 2109 570 2160 quomodo
583 2111 606 2149 et
613 2109 642 2149 ibi
651 2121 721 2160 quem
732 2111 794 2149 antea
806 2108 893 2148 nescivit
902 2108 989 2160 agnovit

111 2172 178 2213 ethic
189 2172 251 2224 quem
261 2173 302 2213 iam
313 2175 362 2213 ante
375 2173 455 2214 sciebat
468 2173 566 2227 ignorat?
577 2175 604 2213 Et
618 2174 673 2213 dieto
685 2174 777 2214 credidit
788 2176 810 2214 et
821 2173 990 2213 demonstratum

111 2238 198 2290 agnovit
208 2240 229 2277 et
238 2238 477 2290 baptizatum‘adoravit
487 2241 511 2278 et
521 2238 644 2279 venientem
657 2239 802 2291 prophetavit.
815 2238 868 2284 Quid
881 2249 931 2290 ergo
942 2238 990 2277 lieri

111 2306 185 2355 posset
198 2305 221 2342 ut
232 2303 262 2342 sic
274 2303 378 2355 propheta
389 2304 460 2342 tantus
475 2305 565 2350 erraret,
581 2305 604 2342 ut
615 2303 640 2343 de
655 2315 695 2354 qno
707 2303 792 2343 dixerat
804 2315 809 2343 :
821 2313 869 2342 ecce
883 2303 918 2355 qui
932 2302 989 2342 tollit

111 2370 197 2420 peccata
205 2367 286 2417 mundi,
296 2368 366 2408 adhuc
375 2378 424 2407 eum
432 2368 468 2407 Dei
477 2368 553 2418 Filium
563 2379 658 2408 essenon
667 2368 778 2415 crederet?
787 2370 822 2408 aut
831 2367 887 2407 enim
896 2367 989 2407 insolen-

111 2434 153 2475 tiae
165 2435 197 2473 est
204 2432 275 2473 divina
282 2433 301 2473 ei
309 2432 405 2473 tribuere
416 2444 480 2484 quem
488 2434 579 2483 nescias,
590 2435 625 2473 aut
635 2434 660 2473 de
669 2433 706 2474 Dei
715 2434 771 2474 Filio
783 2433 889 2474 dubitasse
898 2432 990 2485 perfidia

112 2500 150 2537 est.
163 2499 210 2537 Non
220 2498 275 2538 cadit
284 2499 349 2551 igitur
358 2498 380 2537 in
387 2498 452 2538 talem
461 2499 588 2551 prophetam
597 2499 650 2538 tanti
659 2498 737 2539 erroris
747 2498 839 2551 suspicio
851 2514 868 2545 a.
879 2497 913 2538 Sic
923 2498 959 2537 ille
968 2500 990 2537 et

112 2563 199 2614 quidem
213 2563 292 2613 optime
307 2563 403 2603 ostendit
416 2564 437 2602 in
451 2566 552 2615 quantam
565 2564 716 2604 absurditatem
728 2564 825 2604 merdant
838 2564 874 2615 qui
887 2565 990 2611 loannem

111 2627 219 2667 dubitasse
231 2638 254 2666 ac
266 2628 375 2667 vacillasse
387 2628 469 2668 volunt.
481 2629 504 2669 in
518 2640 544 2668 eo
559 2631 632 2669 autem
641 2629 661 2669 S.
675 2630 801 2669 Ambrosius
813 2629 884 2668 minus
899 2630 931 2667 θεῖ
944 2628 989 2667 lau-

112 2692 202 2739 dandus
215 2692 271 2743 quod
283 2692 331 2743 quia
344 2692 464 2732 intellectus
477 2694 581 2745 simplicis
595 2694 661 2734 forma
672 2697 810 2745 compugnet,
823 2692 955 2744 spiritualem
963 2684 989 2731 fi·
1042 2730 1045 2743 ,ἵ

110 2769 184 2808 garam
196 2758 290 2808 quaerit:
301 2757 371 2809 legem
382 2757 496 2808 tyrannicis
507 2758 582 2810 mundi
591 2759 652 2798 istius
662 2758 804 2810 potestatibus
814 2757 917 2796 inclesum
928 2756 989 2796 cohi-

110 2822 156 2861 beri
173 2824 288 2872 quominus
304 2823 375 2862 lucem
394 2821 510 2862 dominicae
529 2824 692 2863 resurrectionis
708 2822 840 2871 effunderem
861 2822 917 2862 mitti
938 2834 989 2874 ergo

111 2886 228 2936 discipulos
245 2889 271 2928 ad
288 2889 403 2939 Christum,
420 2887 467 2939 quia
484 2887 596 2939 plenitudo
612 2888 664 2940 legis
680 2888 776 2928 Christus
791 2888 820 2928 sit
835 2890 875 2929 etc.
893 2887 915 2941 (l.
932 2900 950 2928 c.
965 2900 987 2927 n.

109 2949 190 3001 93-95).
205 2952 296 2992 Dubium
310 2964 373 2994 omne
387 2953 447 3005 longe
461 2952 532 2993 abesse
545 2953 590 2992 vult
604 2953 626 2993 S.
639 2953 693 2994 Hier:
708 2965 796 3005 quoque
811 2965 836 2993 z«
850 2953 892 2993 non
905 2955 990 3005 poterat
1040 2982 1042 2989 .

78 3054 81 3063 ,
110 3015 209 3068 ignorare
223 3027 285 3067 quem
295 3018 444 3070 ignorantibus
458 3021 518 3060 antea
531 3021 684 3076 monstraverat
695 3035 704 3066 v
715 3018 759 3072 (ep.
771 3019 797 3060 ad
809 3019 913 3071 algasiam
923 3019 938 3058 l.
950 3016 987 3068 a),

110 3082 184 3133 Neque
195 3081 254 3121 aliter
266 3082 287 3123 S.
302 3085 428 3133 Anqusunvs
436 3097 444 3125 :
456 3100 465 3122 a
479 3088 513 3135 ite,
525 3086 587 3126 dieite
596 3085 636 3134 aua
650 3097 692 3126 non
705 3086 756 3138 quia
768 3097 807 3138 ego
818 3085 906 3134 dubito,
915 3083 954 3122 scd
965 3084 988 3120 ut

109 3157 147 3190 vos
161 3147 295 3187 instruamini
309 3162 319 3184 a
335 3146 408 3199 (serm.
421 3152 449 3191 266
461 3164 482 3191 n.
497 3154 520 3201 43
534 3152 561 3205 ill.
577 3152 666 3205 talea).
678 3152 777 3193 Graviter
791 3162 873 3204 quoque
887 3152 910 3189 et
924 3147 986 3199 plane

110 3213 202 3253 oratorie
216 3213 271 3253 idem
285 3213 423 3266 prosequitur
435 3217 456 3256 S.
472 3218 545 3270 corps.
557 3231 565 3259 .·
579 3232 588 3257 c
599 3218 633 3270 qui
647 3218 679 3258 vel
693 3220 741 3263 ante
757 3217 816 3269 signa
831 3227 877 3256 eum
890 3213 986 3261 noverat,
