2211 3575
432 206 510 237 narra.
527 197 546 244 2,
562 197 604 235 5-6.
925 201 963 241 raa

77 294 166 351 datum,
178 296 218 357 qui
228 298 298 343 verba
307 298 419 344 llichaeae
427 298 456 343 de
464 297 542 343 llessia
556 312 603 343 esse
613 296 764 356 intelligenda
774 297 823 342 sine
831 296 963 360 ullahaesi-

75 367 163 412 tatione
178 368 267 425 docent,
282 370 363 415 litteris
377 371 540 429 consignatum
553 370 632 415 voluit.
645 370 699 415 Vide
715 383 773 430 quae
787 368 835 414 dixi
849 369 879 413 ad
896 368 960 413 Mich.

77 444 115 493 53
122 453 171 499 seq.
183 439 307 486 Biserimen
317 442 379 502 quod
388 443 491 488 cernitur
497 443 558 487 inter
567 442 636 487 verba
644 441 770 502 prophetae
783 445 805 487 et
815 441 888 487 verba
899 439 962 500 apud

76 510 243 568 evangelistam
254 512 286 558 ita
299 515 341 559 erit
350 514 520 573 explicandum,
532 516 558 557 ut
571 514 681 568 dieamus,
696 513 826 557 sacerdotes
840 516 862 557 et
875 513 962 557 scribas

76 597 103 626 ec
121 582 188 627 rnode
207 585 325 631 oraculum
342 586 449 630 recitasse
467 599 512 643 quo
526 584 624 641 legimus
638 584 662 628 in
674 584 845 642 evangelio.'Bx
858 599 885 627 eo
897 584 959 627 enirn
990 583 991 588 ’

75 654 137 712 quod
152 649 183 699 'ex
202 657 335 701 Bethlehem
357 670 493 714 egressurus
513 655 542 699 sit
559 655 698 710 Dominaim,
718 655 813 711 Messias,
836 653 961 713 singularis

76 726 189 783 quaedam
204 728 280 784 gloria
294 728 318 772 in
333 728 449 772 civitatem
462 727 534 771 David
550 726 671 782 redundat,
682 727 713 770 ita
726 731 751 771 ut
762 730 889 787 propterea
898 725 961 769 inter

12 791 14 795 ’
74 797 192 857 principes
207 798 263 842 Iuda
280 799 386 858 princeps
401 794 546 843 familiarum
559 798 692 842 Bethlehem
709 813 858 858 nequaquam
877 796 960 841 ultimo

74 867 126 911 loeo
140 868 168 912 sit
184 869 336 914 collocandus.
352 869 451 914 Proinde
469 869 511 914 etsi
524 869 659 914 Bethlehem
674 870 736 914 vicus
748 871 776 913 sit
787 884 872 929 parvus
885 883 960 928 neque

74 937 105 982 ad
113 939 176 983 mille
187 939 287 986 familias
297 942 412 1001 pertingat
422 941 496 1002 (nich.
510 940 569 1001 5‚2)‚
581 943 657 986 tamen
669 941 728 985 valet
741 944 763 985 et
776 941 853 985 exilio
865 939 958 985 oraculo

74 1011 229 1070 consequitur,
242 1012 303 1072 qnod
313 1013 450 1058 Prudentius
458 1014 519 1058 canit
530 1029 535 1056 :
547 1028 559 1056 o
570 1013 618 1057 sola
628 1027 765 1070 magnarum
775 1012 871 1057 urbium
884 1012 959 1056 maior

73 1081 218 1137 Bethlehem,
227 1084 262 1128 cui
271 1084 366 1141 contigit
372 1085 456 1128 ducem
464 1085 561 1128 salutern
568 1084 840 1145 ccelitasineorporatum
848 1084 944 1142 gignere
952 1084 956 1126 l

73 1152 190 1210 Eiusmodi
199 1155 259 1198 enim
275 1157 349 1199 textus
357 1151 478 1214 explicatio
489 1170 516 1199 ex
526 1156 673 1214 consequenti
681 1156 741 1199 iacta
750 1170 798 1200 non
811 1145 921 1199 abhorret
928 1154 957 1198 ab

72 1224 154 1269 indole
169 1226 322 1270 rabbinorum
333 1230 355 1271 et
365 1228 457 1285 saepius
468 1227 491 1270 in
505 1227 631 1283 targumim
645 1226 838 1286 deprehenditur;
850 1226 921 1270 imme
932 1225 957 1270 in

72 1299 166 1354 tergum
181 1297 213 1341 ad
225 1312 277 1342 eum
291 1298 404 1343 iliehaeae
416 1298 494 1342 locum
506 1298 553 1342 iam
562 1297 654 1342 videtur
663 1300 757 1356 exstare,
771 1312 824 1341 curn
834 1296 957 1356 vertipos-

72 1369 117 1412 sit:
132 1368 180 1412 iere
194 1382 217 1413 es
233 1374 259 1414 ut
276 1371 403 1414 numereris
413 1369 476 1414 inter
487 1369 560 1414 millia
573 1369 653 1414 domus
669 1369 724 1414 hida
738 1370 773 1428 (ef.
795 1378 851 1414 ruri
864 1373 957 1426 targum

71 1439 101 1483 ad
123 1442 157 1484 Ps.
184 1445 237 1495 733
248 1443 270 1485 et
279 1442 313 1485 Os.
327 1445 374 1497 1‚t;
386 1440 521 1500 Lc'plctsoct,¹
532 1443 605 1485 Horae
612 1441 676 1485 hebr.
687 1457 710 1500 p.
723 1441 781 1500 260).
791 1440 908 1500 Quidquid
917 1455 957 1484 au-

70 1514 117 1554 tem
129 1515 161 1555 est
176 1512 203 1555 de
216 1526 282 1556 sensu
297 1512 360 1557 illius
374 1516 476 1571 tergum,
491 1512 615 1557 dicendum
629 1516 662 1557 est
675 1527 726 1567 eum
742 1512 798 1558 nac.
815 1512 893 1571 plesse
906 1512 953 1556 ord.

71 1581 152 1626 Pescla
169 1583 245 1626 Thone.
258 1586 311 1628 Bor.
322 1583 394 1628 ruald.
408 1586 474 1628 Patr.
490 1583 514 1627 id
522 1574 587 1643 >'quod
599 1585 623 1629 S.
634 1583 697 1628 Hier.
709 1585 754 1629 iam
766 1585 854 1629 censuit
863 1584 956 1629 recitari

47 1683 48 1687 ,
70 1654 145 1697 verba
157 1669 184 1698 eo
195 1655 262 1699 modo
278 1670 322 1715 equo
337 1671 350 1699 a
367 1655 448 1700 scribis
464 1655 554 1714 prolata
571 1659 630 1709 sunt,
646 1658 670 1699 ut
681 1656 730 1715 ipsc
743 1658 806 1700 textu
817 1656 878 1699 clare
891 1654 954 1699 indi-

71 1727 136 1768 catur
147 1740 151 1780 ;
162 1733 186 1769 ct
199 1725 236 1769 e'lh'
251 1725 358 1770 dicarant
369 1727 397 1770 ei.
410 1729 483 1777 Quare
497 1727 554 1770 varii
565 1727 627 1770 modi
638 1727 720 1785 quibus
729 1721 855 1785 utrumque
866 1729 954 1771 textum

71 1797 193 1841 conciliare
206 1790 343 1843 studuerunt
359 1799 387 1855 (v.
406 1812 428 1855 g.
444 1798 547 1854 legentes
560 1812 602 1857 per
615 1797 830 1856 interrogationem)
841 1800 954 1857 tutopos-

69 1871 122 1911 sunt
132 1867 213 1912 omitti.
227 1872 267 1912 Pro
277 1871 360 1927 χιλιάσιν
371 1869 468 1928 ponitur
478 1872 548 1928 caput
558 1874 600 1927 χιλ.
614 1861 687 1930 (qihn),
699 1871 787 1927 ἡγεμών.
810 1913 812 1916 ,

99 1943 142 1983 Pro
156 1941 229 1997 magis
244 1943 319 1985 antem
332 1941 393 1985 istud
404 1940 526 1985 oraculum
543 1940 686 2000 praeclaram
700 1940 802 1985 eontinet
813 1940 952 1985 doctrinam.

69 2012 167 2068 Egregie
179 2011 240 2057 enim
255 2011 417 2057 confirmantur
427 2011 452 2056 in
465 2011 512 2056 fide
522 2012 550 2056 de
563 2026 618 2069 rege
630 2011 775 2057 Iudaeorum.
801 2014 893 2056 Poterat
901 2012 954 2056 fieri

69 2087 95 2126 ut
105 2082 168 2140 magi
179 2083 319 2127 conturbem
336 2084 433 2141 ingressi
448 2084 518 2143 plane
528 2082 587 2127 nihil
602 2083 629 2126 de
641 2098 695 2141 rege
707 2085 809 2127 recenter
821 2086 876 2127 nato
887 2082 953 2127 audi-

16 2153 18 2156 ‘
69 2159 127 2210 rent,
145 2154 251 2198 nonnihil
270 2155 392 2199 miraretur
408 2155 446 2199 vel
460 2156 531 2199 etiam
546 2155 679 2210 haererent3
700 2157 722 2199 at
737 2154 800 2199 crnni
814 2154 953 2200 titubatione

69 2241 160 2270 excussa
174 2226 331 2285 quaestionem
344 2230 435 2286 ponunt
449 2241 545 2285 remque
564 2229 682 2285 tamquam
698 2229 781 2270 certam
798 2226 919 2270 enuntiant
931 2230 953 2270 et

68 2297 98 2340 ad
108 2311 175 2341 suum
186 2311 296 2358 magnum
306 2298 414 2342 solatium
427 2293 578 2342 audientiam
589 2298 617 2340 ab
630 2296 724 2355 antiquo
733 2300 835 2355 tempore
846 2312 888 2356 per
898 2312 951 2356 pro-

68 2368 163 2427 phetam
179 2368 256 2418 lecum
271 2383 317 2413 esse
329 2369 476 2426 celebratum
485 2383 512 2412 ex
528 2383 573 2427 quo
586 2382 627 2412 rex
641 2367 679 2413 ille
691 2367 719 2413 sit
734 2382 874 2425 egressurus.
890 2372 952 2413 Bene

67 2454 117 2484 rem
131 2440 236 2500 expendit
244 2441 268 2485 S.
282 2440 360 2499 Chrys.
376 2456 383 2486 ,·
394 2459 404 2481 x
416 2440 455 2484 hie
465 2440 523 2484 mihi
534 2439 585 2484 vide
597 2454 666 2499 qnam
677 2440 742 2493 mira,
758 2454 828 2499 quam
839 2440 953 2500 stupenda

40 2519 41 2522 ’
66 2511 244 2571 prcvidcanturl
259 2515 349 2557 mutuas
366 2512 410 2557 sihi
426 2512 575 2557 commodant
589 2511 681 2556 notitias
697 2511 792 2556 barbari
806 2515 828 2556 et
839 2512 918 2556 Iudaei
932 2516 953 2556 et

66 2583 128 2628 inter
140 2598 163 2629 se
177 2585 266 2628 docent.
281 2584 359 2629 Iudaei
368 2600 381 2629 a
390 2584 466 2642 magis
476 2583 607 2629 didicerunt
617 2583 680 2643 qnod
694 2584 759 2628 stella
771 2583 849 2642 ipsum
859 2582 884 2627 in
897 2586 952 2627 Per-

67 2669 145 2700 sarum
155 2654 251 2713 regicne
266 2655 444 2715 praedicaverim
456 2655 520 2714 magi
530 2671 544 2700 a
557 2655 644 2700 ludaeis
660 2658 799 2714 aeceperunt
809 2669 862 2698 cum
875 2656 952 2713 ipsum

67 2741 136 2785 quem
149 2727 216 2772 stella
225 2727 397 2787 praedicaverat
404 2715 453 2772 iam
465 2726 564 2772 amultis
574 2729 634 2770 retro
644 2725 787 2785 temporibus
799 2740 841 2785 per
851 2726 952 2785 prophe-

66 2801 100 2842 tas
117 2800 305 2859 praenuntiatum
320 2799 396 2855 tuisse,
414 2802 484 2858 atque
501 2797 689 2854 interrogationis
708 2797 795 2842 occasio
812 2797 916 2842 clarioris
931 2802 953 2843 et

66 2871 215 2915 accuratioris
225 2871 342 2916 doetrinae
353 2870 518 2915 demonstratio
529 2870 632 2929 utrisque
644 2869 686 2914 init
696 2888 716 2914 ιι.

96 2942 213 2987 Adventus
225 2958 344 3002 magorum
355 2946 376 2987 et
386 2942 481 2987 nuntius
494 2940 580 2985 Herodi
590 2942 686 2986 maxime
699 2941 805 3000 ingratus
815 2943 867 2987 luit.
880 2943 953 2987 Timet

65 3028 94 3057 ne
105 3014 231 3059 adversarii
247 3016 282 3059 sni
298 3015 314 3060 i.
332 3031 350 3060 e.
369 3014 510 3075 quicumque
524 3012 558 3072 pii
571 3017 636 3058 erant
653 3014 712 3058 inter
730 3014 827 3058 Iudaeos
859 3018 881 3059 et
894 3014 953 3072 legis

66 3085 211 3129 observantes
228 3100 254 3129 ea
272 3086 442 3146 opportunitate
456 3085 491 3131 usi
506 3087 585 3130 eontra
600 3101 623 3130 se
638 3089 765 3143 exsurgant.
782 3084 846 3129 Unde
863 3088 889 3130 et
903 3099 951 3130 rem
972 3123 975 3127 .

66 3151 178 3214 (quantum
194 3159 267 3216 potest
280 3157 369 3203 silentio
381 3146 514 3218 opprimere
530 3157 605 3201 studet
621 3160 642 3201 et
658 3172 736 3202 necem
753 3157 879 3201 meditatur
889 3155 952 3213 regis
