2211 3575
427 241 501 271 umrn.
518 232 536 279 5,
554 232 621 271 tl-tt,
808 259 810 264 ν
891 247 896 252 ·
910 251 912 254 ·
927 234 965 273 ddi

86 333 110 375 ut
120 331 183 375 rudis
196 331 295 391 populus
308 335 329 376 ct
342 335 484 376 coerceretur
495 335 516 377 et
529 333 648 392 paullatim
662 331 795 381 aaronem,
805 333 827 375 et
840 329 869 374 ab
879 329 963 389 imper⁴

42 444 44 448 .
86 401 190 448 lectoad
202 403 325 462 perfectius
340 403 483 447 educaretur.
496 406 549 447 Erat
568 405 628 447 enim
645 403 680 447 lex
695 404 845 463 paedagogus
862 401 891 446 ad
903 399 964 445 Chri-

85 477 156 526 stum;
172 475 233 518 unde
248 474 348 518 Christus
360 473 442 517 debuit
458 474 508 532 pius
524 477 546 517 et
558 474 681 533 perfectius
695 473 777 518 docere
794 489 863 534 qnam
878 472 964 533 paeda-

85 559 166 603 gogus.
670 583 671 587 ,

76 621 77 630 ’
117 617 179 668 Quod
190 616 283 661 additur
298 616 339 677 qut
352 625 429 662 autem
443 616 551 661 occiderit
563 632 614 661 rens
625 617 669 661 erit
682 616 776 673 indicte,
791 619 881 661 nonest
894 616 965 660 inter-

46 734 48 738 ,
86 692 254 747 pretamcntum
267 688 372 733 additum
382 703 396 732 a
405 687 532 748 pharisaeis
544 687 651 749 (Sebepp,
663 688 724 748 disp.
739 689 770 734 W
769 687 821 738 etas)
833 703 877 747 quo
889 689 965 733 osten-

86 760 140 804 dere
154 761 233 804 volunt
244 760 316 819 aliqui
326 758 438 804 Christum
450 761 516 804 unice
527 759 556 804 ob
568 760 645 805 oculos
656 759 742 804 habere
752 759 965 820 interpretationem
1009 817 1011 821 Α

85 832 143 888 legis
154 833 315 890 pharisaicam,
329 831 368 876 sed
381 834 414 875 est
425 846 451 875 ex
459 831 510 891 ipsa
523 831 574 890 lege
585 831 758 891 depromptum,
776 832 808 876 uti
819 834 907 889 veteres
919 831 965 874 iam

87 904 226 957 docuerunt,
237 903 271 947 ita
281 902 382 961 allegant
391 906 428 948 Ex.
441 908 509 958 2th
523 904 547 948 S.
560 903 640 948 Posel.
653 903 704 949 Alb.
719 904 780 947 laras.
792 905 846 947 Bar.
862 902 966 958 Setaea·
1016 918 1020 947 t
1050 935 1053 940 «

86 978 136 1019 Lev.
156 979 224 1030 tim
240 977 296 1036 Lep.
314 972 419 1032 Sebonsj
432 979 497 1021 Num.
517 978 592 1030 35,12.
612 980 638 1020 16
655 976 679 1020 S.
699 977 742 1029 Bm
758 978 859 1020 reusest
877 973 964 1019 iudicio

84 1047 100 1090 i.
116 1062 135 1091 e.
148 1046 233 1092 iudicio
241 1048 342 1092 instituto
354 1047 396 1091 erit
404 1046 514 1091 sistendas
524 1050 546 1092 et
556 1047 651 1091 crimine
660 1047 758 1106 probato
765 1046 901 1105 plectendus
911 1061 964 1090 nor-

55 1155 57 1158 ,
69 1153 70 1157 ,
85 1112 123 1163 ma
134 1119 158 1162 in
172 1119 223 1176 lege
237 1119 361 1178 proposita.
373 1122 403 1161 De
415 1118 528 1162 eiusmodi
540 1118 625 1162 iudicio
636 1119 743 1162 statuitur
755 1120 818 1161 Dent.
834 1112 912 1173 tana,
927 1122 962 1173 17,

85 1193 110 1243 83
128 1193 202 1243 maa.
221 1189 307 1233 ludices
321 1192 397 1233 alitem
413 1188 524 1233 iudicium
539 1189 616 1233 lerunt
630 1188 659 1232 de
676 1204 744 1248 opere
759 1192 902 1249 perpetrato,
915 1190 965 1248 ipsa

85 1260 223 1305 iudiciorum
232 1260 374 1304 institutione
385 1259 512 1304 ostenditur
522 1275 567 1305 non
581 1261 619 1317 agi
632 1260 660 1305 de
670 1274 760 1305 summa
772 1276 861 1306 morum
875 1261 964 1320 perfec-

85 1332 146 1393 tione
163 1335 185 1376 et
203 1331 387 1393 sanctitate,·scd
405 1331 432 1375 de
451 1331 531 1375 ordine
547 1331 587 1391 qui
601 1332 728 1376 necessario
745 1331 844 1392 protegi,
862 1331 962 1385 delendi,

85 1403 197 1447 vindicari
208 1402 289 1448 debeat
301 1403 326 1447 in
336 1402 444 1447 societate
455 1403 489 1447 vel
501 1403 627 1461 republica.
644 1403 719 1447 Talem
730 1406 807 1448 autem
820 1404 896 1462 legem
909 1403 964 1448 ferri
981 1408 982 1411 ’

85 1475 238 1519 necessarium
253 1478 301 1519 crat
313 1489 355 1534 pro
368 1474 451 1534 populi
464 1477 523 1518 statu
535 1477 556 1518 et
567 1474 709 1530 conditione;
721 1475 819 1533 proinde
830 1474 963 1520 nullatenus

85 1551 129 1591 Deo
139 1546 270 1603 indignum.
287 1549 353 1590 Posse
363 1561 416 1590 vero
425 1546 526 1605 proponi
540 1545 646 1590 altiorem
657 1549 680 1590 et
689 1546 847 1591 sublimiorem
858 1561 963 1592 normam

46 1635 47 1638 ¹
86 1618 235 1677 regulamque
249 1631 339 1661 morum
354 1621 375 1661 ct
391 1632 441 1661 eam
457 1631 562 1661 normam
576 1610 657 1661 revera
670 1631 716 1662 esse
732 1617 833 1662 dandam
843 1618 871 1663 iis
887 1618 963 1678 quiex

85 1692 160 1734 aetate
171 1689 321 1748 parvulorum
334 1688 419 1746 egressi
428 1689 529 1748 perlecta
542 1688 665 1748 adoptione
681 1689 781 1732 filiorum
795 1689 903 1746 gaudent,
914 1705 962 1734 non
1020 1697 1021 1700 ’

85 1764 118 1805 est
129 1760 211 1804 veteris
220 1759 316 1804 foederis
324 1758 449 1816 legislatori
460 1758 568 1803 iniuriam
578 1761 661 1815 lacere,
672 1760 712 1804 sed
720 1775 845 1818 agnoscere
857 1762 881 1805 in
889 1777 961 1819 regno

85 1832 124 1876 Dei
135 1832 202 1876 aliam
216 1846 262 1875 esse
276 1830 430 1875 conditionem
443 1846 521 1875 eorum
537 1831 591 1890 quia
602 1830 677 1875 adhuc
691 1831 734 1876 sub
748 1831 867 1876 elementis
880 1832 963 1877 mundi

85 1907 151 1947 erant
165 1903 294 1957 servientes,
306 1902 376 1946 aliam
386 1916 464 1946 eorum
474 1902 535 1961 quia
547 1902 634 1946 Christo
644 1902 720 1947 edocti
730 1906 751 1947 et
760 1903 901 1960 largioribus
912 1919 962 1962 gra-

83 1976 121 2019 tiis
134 1974 240 2018 instructi
254 1973 348 2018 tendere
362 1973 446 2017 debent
462 1973 487 2018 in
501 1966 578 2018 ‘virum
592 1974 727 2033 perfectum,
742 1974 767 2018 in
782 1989 913 2020 mensuram
923 1991 962 2021 ae-

71 2046 135 2101 tatis
152 2045 303 2104 plenitudinis
320 2044 409 2091 Christi.
429 2049 501 2097 Quare
521 2048 582 2089 recte
599 2045 670 2089 sensit
686 2045 811 2105 antiquitas
827 2046 959 2103 christiana,

83 2121 144 2162 recte
155 2119 274 2161 senserunt
283 2131 310 2161 ac
318 2116 418 2181 sentiunt
425 2115 561 2175 interpretes
570 2117 685 2171 catholici,
696 2118 808 2162 Christum
817 2119 864 2176 legi
873 2110 962 2178 aliquid

39 2226 42 2229 .
83 2189 175 2244 addere,
191 2189 246 2233 dum
260 2191 413 2247 protestantes
427 2188 497 2245 longe
512 2187 606 2247 plurimi
621 2204 663 2247 pro
674 2194 791 2247 comperto
801 2189 888 2234 habent
900 2191 961 2235 Chri-

83 2266 143 2305 stum
155 2275 201 2304 non
212 2260 287 2317 legem
297 2260 337 2303 sed
349 2259 476 2303 scribarum
486 2262 509 2301 et
518 2259 691 2317 pharisaeorum
701 2260 836 2315 traditiones
847 2261 960 2321 interpre-

81 2333 224 2390 tationesque
241 2329 364 2387 corrigere.
382 2333 425 2374 Hoc
439 2330 517 2389 utique
534 2330 602 2373 ctiam
617 2330 649 2384 fit,
668 2330 708 2373 scd
724 2330 817 2375 minime
834 2332 908 2377 solum
925 2334 957 2379 fit,
1008 2329 1010 2334 ’

36 2411 38 2413 ’
82 2408 138 2448 Vera
152 2403 309 2462 interpretatio
322 2404 445 2460 utrumque
461 2400 606 2445 considerare
622 2401 698 2456 debet,
716 2391 750 2446 uti
766 2401 877 2447 etiamen
893 2420 914 2448 v.
932 2410 959 2449 17

82 2478 141 2519 erae
155 2474 271 2519 suadetur.

111 2546 165 2603 Legi
178 2545 255 2604 itaque
269 2545 321 2590 rudi
336 2545 422 2604 populo
436 2547 458 2588 et
468 2544 533 2603 quasi
547 2545 648 2604 parvulis
659 2546 725 2590 datae
742 2561 807 2591 suam
820 2536 916 2607 opponit
929 2550 960 2593 lc·
1023 2565 1024 2569 ¹

81 2617 175 2675 gislator
186 2616 284 2660 foederis
294 2617 347 2660 novi
361 2618 430 2675 atque
441 2610 544 2675 perlecti,
560 2630 625 2660 suam
639 2616 690 2660 dico
702 2632 760 2676 quae
775 2632 860 2675 niagno
869 2621 959 2678 perfec-

80 2690 142 2733 tione
155 2688 233 2732 iamin
249 2689 298 2730 octo
313 2686 360 2731 illis
370 2686 553 2732 beatitudinibus
564 2690 596 2731 est
610 2687 729 2732 enuntiata
744 2688 775 2747 (S.
796 2688 884 2749 Chrys.)
898 2705 918 2734 v.
930 2696 958 2735 22

81 2776 122 2820 eqo
135 2768 211 2804 aretem
222 2758 272 2803 dieo
285 2757 345 2802 uotis
360 2776 370 2799 o
384 2758 461 2803 vidisti
475 2759 601 2818 perlectam
613 2761 764 2817 potestatem?
773 2758 849 2803 vidisti
865 2761 958 2806 modum

80 2820 205 2888 legislatori
217 2828 397 2890 competentem?
407 2830 457 2888 quis
468 2829 528 2873 enim
539 2830 705 2888 prophetarum
714 2831 745 2874 sic
754 2845 856 2890 unquam
867 2831 958 2878 locutus
969 2839 971 2842 ’

80 2902 126 2947 esti
140 2895 190 2960 quis
203 2903 331 2947 iustorum?
341 2901 391 2963 quis
401 2901 599 2962 patriarcharum?
611 2900 689 2945 nullus
701 2916 764 2958 sane,
779 2903 820 2947 sed
830 2903 885 2948 bore
902 2904 959 2949 dieu

81 2972 204 3028 Cerretana·
217 2989 296 3018 verum
312 2989 359 3018 non
375 2973 407 3018 ita
423 2973 500 3027 Filius,
518 2972 553 3017 illi
570 2973 683 3018 conservis
696 2974 773 3032 legem
789 2975 901 3031 ferebant,
920 2977 957 3021 hic

80 3045 148 3091 serris
164 3044 210 3089 suis
228 3062 238 3085 υ
257 3045 290 3105 (S.
309 3046 409 3106 Clrrrss.);
426 3045 525 3091 ostendit
540 3045 640 3090 Christus
657 3046 816 3091 auctoritatem
829 3046 955 3108 (theoph),

80 3117 198 3176 aequalem
208 3116 325 3161 insinuare
335 3118 413 3162 volens
424 3117 552 3162 auctoritati
560 3116 607 3161 eins
619 3119 658 3177 qui
669 3121 768 3162 veterem
778 3118 872 3163 dederat
881 3119 957 3176 legem

81 3187 167 3248 llinis).
184 3191 251 3232 Porro
266 3187 314 3231 eius
333 3188 439 3249 dictionis
449 3189 484 3233 ris
498 3188 522 3232 in
540 3204 566 3233 co
582 3192 622 3244 est,
639 3191 665 3232 ut
677 3190 762 3235 Saurea
776 3189 880 3244 arivertit
897 3189 956 3249 quod
989 3179 990 3182 ¹
