2239 3511
156 235 193 274 556
247 232 249 235 ’
506 240 582 269 uersu.
600 231 634 277 la,
649 231 685 277 38..
720 270 723 273 ,

155 332 223 368 sinibus
233 336 293 367 terrae
303 332 368 366 audire
376 331 490 374 sapientiam
499 331 582 365 Salomo·
604 316 678 375 τερᾶτιιιν
697 330 726 373 τῆς
744 330 776 375 γῆς
791 327 860 364 ἀκοῦσαι
879 327 909 372 τὴν
928 329 989 377 σοφίαν
1005 329 1038 364 Σο-

101 411 106 415 v·
155 395 190 433 nis,
202 393 220 427 et
233 378 275 426 ecee
285 393 327 435 plus
337 400 394 435 quam
405 391 494 425 Salomon
505 391 543 425 hie.
553 390 584 425 43.
605 388 688 439 tondum.
701 388 731 424 act
747 386 782 422 tect
800 387 858 423 πλεῖον
879 388 980 436 Σολομῶνος
996 387 1036 425 ὦδε,

156 452 201 486 Gum
212 453 274 485 auteur
284 452 391 485 immundus
398 452 474 493 spiritus
483 451 550 485 exierit
559 451 582 484 ab
606 450 634 484 43.
646 449 685 483 ὅταν
699 447 716 489 δὲ
725 447 744 482 r'o
758 446 850 495 ἀκάθαρτον
862 450 926 495 πνεῦμα
938 447 994 495 ἐξέλθῃ
1005 448 1048 491 dab.

137 533 139 535 -
154 512 237 553 homine,
246 512 327 545 ambulat
337 520 370 554 per
376 512 418 544 loca
427 511 583 553 aridaquaerens
604 512 633 542 τοῦ
647 507 740 555 ἀνθρώπου,
755 508 838 555 διέρχεται
857 508 881 541 δι”
894 507 966 555 ἀνύδρων
982 509 1037 543 τόπων

154 573 238 614 requiem
251 574 268 605 et
278 580 316 604 non
326 571 403 605 invenit.
416 569 444 603 44.
456 570 508 604 Tunc
521 570 581 612 dicit:
605 568 665 615 ζητοῦν
681 566 770 603 ἀνάπαυσιν
785 567 813 603 καὶ
827 566 859 614 οὐχ
872 566 947 614 εὑρίσκει.
959 569 988 603 44.
999 567 1036 602 τότε
1048 574 1050 576 “

154 634 237 664 revertar
247 632 266 663 tn
275 630 350 664 domum
358 637 426 671 meam,
435 627 486 664 unde
496 630 546 663 exivi
549 638 555 670 5
565 633 583 663 et
604 627 657 674 λέγει
668 627 690 668 εἰς
699 627 727 663 τὸν
738 624 789 663 οἶκόν
797 640 828 675 μου
841 625 930 675 ἐπιστρέψω
940 627 977 662 ὅθεν
989 625 1035 671 ἐξῆλ-

154 691 231 724 veniens
250 691 322 724 invenit
339 699 381 724 eam
399 691 503 732 vacantem,
521 690 584 732 scopis
605 687 640 722 θον·
651 687 740 723 καὶ.ἐλ4ὀν
755 686 824 734 εὑρίσκει
837 678 952 735 οχολῖάζοντα,
964 699 1036 733 σεσαρω-

154 749 262 784 mundatam
272 750 291 784 et
301 752 394 784 ornatam.
404 748 434 784 45.
442 749 494 784 Tune
503 749 555 783 uadit
565 751 584 784 et
606 748 655 797 μένον
671 747 698 782 καὶ
714 748 844 795 κεκοσμημένον.
860 748 888 782 45.
898 747 939 802 ρόεε
950 746 1036 793 πορεὺεεοι
1047 786 1048 789 ¹
1080 788 1082 792 y

155 809 459 853 assmuitseptemaliossptritus
472 818 536 844 secum
549 819 583 843 ne·
603 806 633 843 ’καὶ
650 807 780 856 τορολαμὸάιει
794 808 829 855 μεθ’
849 806 907 842 ἑαυτοῦ
927 807 969 843 ἕπεο
988 806 1037 853 ἕτεροι

102 884 106 887 *
155 870 230 911 quiores
247 879 268 904 so
283 873 302 903 et
317 871 407 903 tetrantes
421 870 506 902 habitant
524 869 550 902 ibi
565 872 583 902 et
604 871 691 914 πνεύματα
706 867 808 914 πονηρότερα
823 867 881 902 ἑαυτοῦ
896 867 923 903 καὶ
939 866 1035 902 εἰσελθόντα

155 927 202 961 fiunt
221 929 323 962 novissima
341 928 424 962 hominis
444 928 495 961 illius
517 928 582 969 peiora
603 925 680 961 κατοικεῖ
691 925 727 960 {zei
737 925 765 959 καὶ
775 926 839 972 γίνεται
852 925 873 960 τὰ
887 926 951 973 ’ἔσχατα
962 928 991 961 τοῦ
1004 925 1034 961 ἀν-

154 987 252 1029 prioribus.
270 987 301 1021 Sie
320 988 354 1021 ortt
370 987 389 1021 et
404 987 523 1028 generationi
538 987 583 1021 huie
604 986 669 1032 θρώτοι
684 984 746 1020 ἐκεῖνον
762 984 830 1031 χείρονα
844 988 877 1020 τῶν
893 986 970 1031 πρώτων.
984 985 1037 1026 οὕτως

153 1048 252 1087 pessimae.
298 1071 299 1074 ,
318 1093 319 1096 Ἴ
579 1075 581 1078 .
596 1044 649 1080 ’ἔσται
661 1044 689 1079 καὶ
700 1047 722 1092 τῇ
733 1045 785 1091 γενεᾷ
795 1044 846 1093 ταύτῃ
855 1049 877 1092 τῇ
889 1046 957 1092 πονηρᾷ.

177 1144 199 1176 In
207 1152 224 1179 v.
236 1143 257 1176 38
267 1152 295 1174 ναι
307 1152 339 1175 των
350 1152 439 1187 φαριοαιων
454 1142 575 1189 legiturtere
585 1144 604 1176 in
614 1143 710 1184 omnibus3
722 1150 753 1175 cm
763 1140 777 1174 Β
788 1143 806 1175 al
820 1143 830 1176 ‘2
841 1142 879 1176 (thr
889 1151 936 1176 com.
948 1142 970 1176 Iu
979 1151 998 1175 v.
1011 1142 1033 1176 40

153 1203 191 1235 lieh
201 1204 220 1235 in
228 1204 293 1236 ventre
302 1205 369 1239 terrae.
381 1202 403 1235 ln
412 1201 452 1235 fuld
461 1211 496 1245 per
507 1193 674 1237 homoeoteleuton
685 1211 716 1235 om
725 1189 771 1244 riost
781 1194 924 1235 condemnabam
934 1211 1000 1251 ecm'v.
1012 1202 1031 1235 m
1082 1198 1084 1203 ‘

152 1271 212 1303 usque
222 1262 245 1295 ad
255 1262 369 1304 generatione
382 1250 443 1294 istor.
454 1261 482 1295 42.
492 1261 514 1294 In
523 1271 541 1295 ν.
551 1261 575 1295 42*
584 1261 621 1295 lich
632 1270 691 1303 regna
700 1262 754 1302 iusti;
766 1270 792 1303 eg
803 1262 836 1294 wil
845 1261 896 1294 viriis
906 1259 1034 1303 generationis

153 1322 208 1355 huius
213 1331 217 1362 ;
226 1330 250 1363 cg
256 1321 387 1355 condemnabit
392 1328 433 1361 eos;
442 1322 487 1354 rush
494 1321 524 1354 uti
529 1330 548 1354 r.
557 1320 577 1354 41
585 1321 616 1354 h'ic
623 1330 679 1363 quam
686 1321 738 1362 Iona,
746 1322 797 1354 itan.
805 1320 828 1353 42
835 1321 866 1354 hic
872 1330 928 1363 (niam
936 1321 1032 1354 salomon.

154 1381 176 1413 ln
183 1390 201 1413 v.
212 1380 233 1413 44
244 1391 265 1419 εις
273 1391 289 1413 τ.
300 1391 315 1413 ο.
326 1391 343 1425 μ.
355 1388 381 1414 err
388 1385 402 1418 rr
409 1381 423 1413 B
430 1381 445 1414 D
452 1381 463 1413 Z
471 1382 492 1415 33
501 1380 555 1421 aeth;
566 1381 666 1424 νοΠειιιοτρ
675 1391 697 1419 εις
705 1391 721 1413 τ.
730 1391 746 1413 ο.
756 1389 776 1425 μ;
788 1388 864 1431 ονιοονο
872 1389 941 1430 amcav
948 1380 984 1413 dub
993 1380 1033 1413 fuld

71 1460 73 1462 -
83 1461 88 1465 »
153 1439 229 1473 formed
237 1449 259 1473 ex
265 1439 348 1473 lienlind
354 1440 368 1472 it
374 1439 421 1482 pler.
430 1440 452 1472 In
459 1449 477 1489 ν.
486 1439 507 1473 40
515 1440 544 1472 sin
551 1439 587 1473 add
593 1440 685 1482 propheta
689 1448 694 1480 ς
701 1449 719 1473 νι
728 1439 748 1472 43
756 1442 775 1472 et
783 1448 824 1473 eum
830 1448 867 1472 non
873 1440 972 1479 invenerit.
981 1439 1032 1473 diott.
1083 1473 1085 1478 .

182 1543 313 1589 Scribarum
323 1547 346 1587 et
355 1543 530 1603 pharisaeorum
541 1543 663 1588 obstinatio
677 1543 723 1587 alio
735 1535 862 1587 ostenditur
870 1543 982 1603 exemplo.
993 1547 1033 1588 Tot
1085 1582 1086 1585 ,

154 1616 215 1660 enim
228 1615 300 1673 signis
313 1614 424 1659 aGhristo
438 1615 533 1674 patratis
545 1630 593 1659 non
606 1615 706 1658 contenti
719 1614 811 1671 signum
823 1614 854 1659 ab
867 1630 893 1659 eo
905 1615 1030 1674 postulant.
1068 1643 1069 1646 =

152 1687 342 1745 lndignabundus
350 1686 452 1731 Christus
460 1686 584 1745 respondet
590 1685 670 1744 impiis
676 1685 722 1730 illis
731 1684 810 1729 datum
820 1687 849 1730 iri
854 1685 946 1746 signum
954 1689 1031 1741 lonae,

151 1757 242 1816 signum
255 1758 303 1803 scil.
319 1758 399 1802 mortis
415 1772 470 1803 suae
484 1773 510 1802 ae
525 1757 702 1804 resurrectionis.
713 1759 736 1801 et
749 1771 787 1801 eos
799 1757 829 1801 cb
842 1757 914 1802 animi
924 1757 1031 1802 duritiem

153 1830 266 1885 eximiam,
278 1829 343 1874 euius
353 1845 366 1874 a
375 1829 480 1886 Ninivitis
491 1832 513 1873 et
522 1830 605 1886 regina
614 1828 685 1873 austri
695 1828 777 1873 merito
788 1828 964 1884 accusabuntur,
976 1844 1030 1887 poe-

152 1916 193 1945 nas
207 1902 299 1946 daturos
310 1914 357 1963 esse
368 1901 424 1944 etin
434 1900 529 1944 exitium
539 1899 641 1948 ruituros
652 1899 784 1958 pessimum.
792 1900 944 1947 -Praedieit
953 1899 1031 1959 itaque

152 1972 252 2016 Christus
270 1974 368 2015 mortem
389 1984 453 2014 suam
470 1974 492 2014 et
504 1962 713 2025 ‘resurrectionem
731 1970 807 2014 innuit
821 1985 851 2023 ne
868 1970 921 2015 huic
937 1970 1030 2030 quidem

150 2043 216 2099 siguo
227 2041 400 2087 resurrectionis
410 2041 533 2101 plerosque
544 2055 591 2086 esse
603 2041 739 2094 credituros3
756 2056 827 2101 quare
837 2041 975 2101 vaticinatur
989 2058 1030 2101 ge-

149 2115 264 2159 nerationi
277 2114 388 2172 pessimae
405 2116 489 2157 sortem
503 2115 525 2156 et
538 2127 639 2171 poenam
652 2113 721 2168 longe
735 2112 876 2156 acerbiorem
891 2127 960 2171 quam
971 2129 1029 2172 quae
1052 2102 1057 2107 ⁸

151 2200 250 2244 eousque
266 2184 312 2228 illis
327 2183 444 2229 acciderit.

179 2257 214 2301 Uti
227 2255 481 2316 Lue.‹11,1drelertur,
494 2255 534 2314 qui
549 2255 639 2312 siguum
656 2253 772 2313 postulent
787 2254 826 2298 alii
839 2258 892 2299 sunt
906 2269 975 2314 quam
989 2257 1029 2315 qui
1080 2288 1082 2292 .

149 2328 263 2372 Christum
273 2328 299 2371 in
308 2325 434 2372 Beelzebub
444 2327 525 2371 eiicere
536 2326 659 2371 daemones
666 2325 783 2381 dixeruut3
795 2328 818 2370 at
824 2327 940 2386 postulant
950 2326 1032 2372 euimo'

149 2399 262 2444 malevolo
272 2401 387 2443 tentantes
397 2413 449 2442 eum
457 2413 489 2453 3‘v.
498 2401 525 2442 38
537 2406 591 2441 trice
602 2391 768 2456 responderunt
777 2397 798 2441 ei
808 2396 901 2455 quidem
912 2398 1027 2442 describis

149 2478 170 2514 et
178 2470 319 2528 plzcrirccir;
327 2468 492 2528 responderunt
501 2468 516 2511 i.
527 2483 545 2512 e.
556 2483 583 2512 ex
592 2469 621 2511 iis
632 2475 690 2527 quae
698 2466 800 2512 Christus
808 2470 888 2512 contra
897 2469 953 2514 alios
963 2472 1027 2515 tanta

149 2555 200 2583 oum
218 2541 350 2584 auctoritate
367 2539 456 2590 dixerat
473 2539 616 2582 occasionem
633 2538 747 2597 arripiunt
763 2538 903 2597 postulantes
919 2543 944 2598 ut
959 2540 1029 2601 signo¹

147 2611 231 2671 probet
241 2625 264 2655 se
272 2610 375 2667 legitime
386 2612 408 2654 et
418 2609 527 2654 divinitus
537 2624 564 2653 ea
576 2611 651 2671 lacere
659 2624 663 2664 3
672 2608 771 2654 dicenter
778 2624 786 2652 .·
794 2610 911 2670 ntuqicter,
921 2611 1026 2656 columns

147 2698 161 2727 c
171 2690 191 2726 te
200 2683 293 2742 siccum
302 2682 391 2739 cidere;
397 2681 483 2726 blande
492 2696 518 2726 ae
527 2681 622 2726 subdole
631 2685 684 2725 erim
693 2681 850 2739 alloquuntur,
859 2700 869 2723 α
881 2698 956 2742 neque
965 2683 1024 2726 veri-

146 2757 216 2798 tatem
230 2755 257 2798 de
269 2754 355 2798 Christo
367 2757 511 2813 quaerentes,
523 2753 564 2797 sed
573 2752 686 2798 malitiam
699 2767 762 2796 suam
773 2753 815 2797 sub
829 2753 905 2797 colore
915 2754 1024 2810 ignoran-

147 2826 192 2869 tiae
205 2826 341 2870 abscondere
358 2824 484 2884 cupientes;
497 2825 515 2869 si
529 2839 584 2881 ergo
598 2827 624 2868 tu
637 2839 661 2868 es
671 2824 740 2869 Filius
750 2825 800 2878 Dei,
813 2824 906 2869 ostende
918 2825 984 2869 nobis
997 2828 1025 2870 si-

146 2909 218 2954 gnum
234 2900 256 2939 et
270 2896 417 2942 adorabimus
431 2899 463 2941 tet
476 2900 501 2940 ut
515 2896 573 2940 scias
586 2895 649 2955 quod
658 2897 768 2941 ,volumus
782 2910 795 2938 a
807 2898 829 2938 te
843 2894 929 2948 discere
939 2894 1023 2942 verita-

145 2971 199 3022 tem,
216 2964 272 3011 ee'ec'
284 2968 352 3011 etiam
368 2967 505 3025 magistrum
521 2970 543 3011 te
559 2967 712 3027 appellamus.
727 2969 743 3010 Ο
759 2965 858 3011 malitia!
874 2968 928 3012 dum
942 2969 1024 3014 volunt

146 3038 258 3083 malitiam
271 3052 335 3082 suam
346 3039 495 3095 abscondere,
508 3038 581 3099 magis
592 3053 643 3083 eam
653 3038 810 3092 manifestarem
821 3053 875 3083 nam
888 3054 939 3085 cum
948 3041 1024 3099 inulte

145 3110 211 3167 signa
224 3109 343 3164 vidissent⁷
353 3113 471 3169 tamqnam
481 3111 500 3155 si
513 3110 605 3154 nullum
615 3108 734 3162 vidissent,
746 3107 778 3152 ita
787 3109 877 3167 siguum
890 3112 1000 3170 petebant
1011 3132 1021 3154 ιι

98 3192 100 3202 ·
146 3183 191 3241 (op.
207 3182 282 3242 ιντο).
294 3184 351 3227 Nam
366 3174 502 3240 «numquid
517 3182 582 3233 signa
595 3194 642 3223 nou
657 3182 710 3222 sunt
723 3180 785 3225 cuod
795 3183 879 3226 mortui
889 3188 1021 3241 resurgunt,
