2239 3511
155 196 207 254 402
279 184 280 187 Ἴ
323 241 324 244 ,
492 223 569 251 lrarrn.
586 214 605 261 9,
622 213 692 253 lull.

154 323 206 353 cum
222 312 307 354 Christo
320 314 397 370 petere
411 311 494 371 potuit3
506 326 570 365 nam,
584 311 618 355 uti
628 310 700 355 Muld.
710 313 763 359 Bur.
775 312 821 355 iam
833 313 965 368 advertunt,
977 327 1024 358 om·
1057 364 1059 369 Α

105 378 106 382 ’
154 381 206 423 nino
219 380 326 425 credibile
343 386 375 426 est
390 382 501 426 telonium
516 396 554 426 seu
565 397 667 426 mensam
677 380 852 442 publicanorum
861 383 889 427 ad
900 398 969 443 quam
979 400 1022 443 pu-

152 450 213 494 blica
222 452 342 510 vectigalia
353 442 517 509 referebantur7
529 469 576 498 non
584 454 652 498 luisse
661 454 686 497 in
695 454 766 512 ipsius
775 453 849 509 domo,
862 453 901 498 sed
910 455 936 498 in
945 455 1022 513 aliquo

152 521 201 565 loco
218 522 311 582 publico
327 524 390 568 iuxta
405 528 519 579 mare,›ut
531 525 619 569 facilius
630 519 741 569 mercium
752 525 837 569 tributa
850 525 1019 583 colligerentur,

153 593 189 637 vel
198 593 322 653 adportant
329 596 431 641 clvitatisv
441 598 492 641 Erat
500 597 561 640 enim
570 597 729 656 Capharnaum
736 597 863 655 emporium
870 600 904 640 sat
911 610 1021 655 magnum

152 678 194 722 per
212 665 273 724 quod
289 667 355 711 etiam
368 667 495 712 transibant
509 670 643 712 mercatores
660 669 676 711 a'
687 670 794 711 Damasco
803 667 941 711 Ptolemaida
950 667 1021 727 profi-

153 736 266 781 ciscentes.
284 742 354 790 Quare
369 738 496 799 complures
511 754 601 798 quoque
618 738 736 798 publicani
750 737 783 782 ibi
797 737 841 782 suis
856 738 1020 782 incumbebant
1084 774 1085 779 ,

152 807 259 864 negotiis,
275 823 333 868 quae
343 809 420 869 utique
430 810 541 869 vituperio
554 824 599 854 non
609 810 725 863 carebant;
738 813 785 853 erat
795 809 855 853 enim
863 809 921 854 haec
929 809 1021 853 lucran-

153 877 176 921 di
191 880 259 934 ratio⁷
277 884 302 923 ut
319 881 344 924 S.
364 880 441 939 Chrys.
462 880 570 938 loquitur,
590 880 733 938 impudentia
749 880 816 939 plena
833 890 859 924 ac
881 880 1021 939 petulantia,

152 952 257 1007 quaestus
270 950 361 1008 iniquus
375 953 397 994 et
413 953 540 995 mercatura
553 950 681 1004 illiberalis,
700 950 805 1009 idemque
818 949 912 994 loannes
921 951 1021 1010 baptista

132 1021 134 1025 ’
151 1018 238 1064 indicat
246 1019 300 1064 dum
310 1019 444 1080 publicanos
452 1021 557 1065 admonet
571 1036 575 1066 ι
587 1021 646 1065 nihil
658 1021 754 1079 amplius
764 1035 832 1080 quam
843 1021 904 1080 quod
913 1021 1021 1082 constitu-

151 1093 199 1134 tum
213 1094 245 1135 est
257 1092 320 1136 vobis
331 1092 419 1136 faciatis
430 1091 491 1151 (Luc.
511 1094 581 1152 3-,13).
599 1092 665 1151 Apud
678 1092 735 1149 legis
747 1091 846 1137 doctores
857 1094 879 1135 et
889 1090 1020 1151 pharisaeos

151 1162 269 1220 publicani
281 1163 327 1207 iam
339 1164 390 1207 ideo
408 1166 473 1208 erant
486 1163 582 1207 infames
599 1162 768 1222 quiaministri
782 1166 845 1207 erant
859 1163 980 1220 gentilium
996 1163 1021 1206 in
1065 1169 1067 1171 ’

151 1232 260 1278 damnum
276 1234 355 1294 populi
370 1234 454 1289 fidelis;
469 1238 597 1294 peccatores
613 1237 689 1278 autem
704 1233 765 1294 apud
779 1233 869 1279 eosdem
886 1233 1020 1278 dicebantur

151 1319 196 1348 non
210 1305 282 1349 solum
297 1306 314 1349 ii
330 1306 369 1364 qui
384 1321 456 1365 prava
470 1292 616 1350 admitterent
631 1305 731 1349 facinora
751 1305 859 1363 decalogo
879 1306 957 1360 vetita,
981 1304 1020 1349 sed

152 1376 194 1434 qui
201 1376 257 1420 ritus
271 1380 293 1420 et
309 1376 480 1433 consuetudines
491 1376 625 1421 Iudaeorum
637 1376 731 1420 liberius
740 1376 861 1431 violarent,
873 1377 912 1435 qui
921 1375 1020 1435 exempli

151 1461 218 1491 carisa
236 1448 357 1504 gentilibus
373 1450 451 1507 sponte
466 1463 488 1492 se
503 1436 639 1492 associarent
653 1452 676 1492 et
692 1447 817 1509 promiscue
831 1462 883 1491 cum
904 1447 1019 1506 quibusvis

151 1519 287 1562 commercia
294 1519 405 1562 habereut
414 1518 512 1578 (Larus).
522 1518 635 1562 Eiusmodi
646 1518 717 1576 igitur
726 1518 828 1562 homines
836 1532 892 1577 quos
900 1518 934 1562 illi
943 1532 1020 1578 asper-

150 1589 264 1633 nabantur
278 1592 299 1633 ct
315 1590 378 1634 nrrlla
394 1604 448 1633 cura
461 1589 542 1647 dignos
556 1590 676 1649 putabant,
690 1590 738 1633 visa
755 1592 801 1633 lesu
818 1588 958 1646 benignitate
974 1604 1020 1649 qua

149 1660 297 1718 publicanum
309 1662 446 1705 hlatthacum
458 1660 565 1716 honorat,
577 1661 623 1705 iam
635 1660 667 1704 ad
680 1664 753 1712 Iesum
763 1660 873 1704 accedunt
883 1652 976 1719 >etspem
986 1676 1020 1705 sa·
1039 1658 1041 1663 ’

149 1732 201 1776 lutis
212 1733 342 1791 concipiunt
352 1731 385 1792 (S.
397 1731 469 1789 Hier.)
481 1735 502 1776 et
512 1732 599 1790 abipso
609 1732 721 1776 llatthaeo
733 1732 820 1775 invitati
833 1731 936 1775 convivio
950 1733 1019 1775 inter-

150 1806 209 1846 sunt.
226 1803 297 1846 Voluit
308 1803 368 1846 enim
379 1803 500 1847 Matthaeus
513 1803 584 1846 socios
596 1816 647 1846 suos
657 1805 679 1847 et
691 1802 788 1859 collegas
795 1803 834 1862 qui
843 1803 929 1846 fuerint
942 1803 1020 1862 aliqua

150 1874 237 1918 ratione
250 1874 371 1933 participes
389 1874 485 1918 reddere
504 1873 613 1918 beneficii,
625 1873 687 1932 quod
701 1873 750 1933 ipse
765 1877 888 1933 acceperat.
911 1875 1020 1917 Dominus

150 1949 225 1989 autem
238 1945 286 1988 ibat
297 1944 325 1988 ad
338 1945 441 1988 convivia
457 1948 614 2004 peccatorum,
628 1947 652 1987 ut
667 1945 806 1988 occasionem
818 1944 912 1989 haberet
921 1944 1019 1990 docendi

151 2021 171 2059 at
189 2015 317 2075 spirituales
334 2015 496 2060 invitatoribus
510 2016 555 2059 suis
573 2015 693 2075 praeberet
710 2015 769 2059 cibos
785 2014 817 2075 (S.
828 2015 913 2075 Hier),
927 2030 1018 2060 omnem

150 2088 210 2130 enim
221 2087 342 2131 curationis
354 2086 447 2130 modum
459 2090 481 2131 et
491 2087 629 2131 occasionem
640 2086 739 2130 Christus
752 2086 857 2130 adhibuit
867 2086 900 2146 (S.
915 2086 1016 2147 Cler·qs.);

151 2176 161 2198 c
176 2158 237 2202 venit
249 2157 278 2202 ad
289 2158 412 2217 prandium
423 2157 534 2212 Christus,
545 2158 607 2202 venit
618 2157 648 2201 ad
667 2157 798 2201 convivium
811 2157 870 2211 Vita,
890 2161 916 2201 ut
934 2158 1019 2202 faceret

149 2244 224 2273 secum
235 2230 353 2273 convivere
371 2230 491 2273 nrorituros
509 2247 519 2269 »
538 2227 569 2287 (S.
591 2229 694 2286 Cbrpscl.
706 2243 773 2272 serm.
789 2231 834 2287 30);
851 2228 880 2272 ci.
901 2228 1018 2288 Golerc'dpe

149 2304 196 2360 Vp.
210 2305 307 2360 lssdseq.
591 2300 593 2302 ’

178 2372 292 2415 Pharisaei
301 2375 323 2415 et
334 2371 420 2416 scribae
432 2371 508 2431 (llarc.
520 2370 582 2430 Luc)
591 2372 654 2414 malo
670 2371 746 2414 animo
755 2371 801 2414 iam
811 2371 887 2414 omnia
900 2374 948 2415 lesu
957 2373 1018 2417 facta

149 2445 171 2486 ct
179 2443 237 2486 dicta
249 2443 375 2500 explorant3
387 2442 448 2485 unde
459 2442 561 2501 quamvis
570 2442 614 2499 ipsi
621 2439 725 2485 convivio
735 2455 781 2484 non
790 2440 930 2496 interessent,
940 2444 1018 2487 tamen

149 2514 256 2557 videbant
268 2515 341 2556 lesum
350 2527 441 2563 mensae
453 2512 585 2556 accumbere
596 2525 648 2555 cum
659 2510 793 2571 publicanis.
806 2511 906 2556 Studiose
919 2513 981 2557 enirn
994 2515 1018 2557 in
1028 2557 1035 2566 ,-

150 2586 196 2629 eius
209 2583 293 2642 agendi
306 2583 399 2627 modum
417 2582 545 2640 invigilant.
564 2582 670 2626 Convivia
682 2597 748 2642 saepe
758 2583 931 2627 celebrabantur
941 2585 1024 2640 multis

149 2654 311 2717 spectantibus3
321 2654 415 2699 fortasse
425 2654 493 2698 etiam
504 2654 609 2698 viderunt
618 2657 690 2698 Iesum
701 2668 752 2698 cum
763 2653 807 2698 illis
820 2654 919 2698 convivis
928 2656 1018 2699 edomo

150 2726 314 2785 egredientem;
325 2741 346 2769 v.
355 2730 386 2770 ,11
398 2734 420 2769 et
428 2725 528 2769 uidentes
535 2725 651 2784 pheresaei
662 2725 766 2769 dicebant
774 2725 888 2783 cllsrtpulz's
901 2726 961 2781 aazias,¹
974 2727 1017 2771 cal-

150 2798 193 2842 lide
208 2812 221 2841 a
236 2796 352 2858 discipulis
365 2799 477 2857 quaerunt
494 2797 583 2840 facilem
597 2796 640 2840 sibi
650 2796 768 2840 victoriam
780 2795 930 2855 pollicentes:
947 2811 1017 2855 pecare

145 2884 196 2913 cccvii
204 2867 337 2927 publicanis
348 2875 369 2911 ct
375 2866 532 2926 peccatoribus
543 2866 666 2911 inanducat
675 2868 784 2926 irruptum·
794 2868 879 2910 cester?
887 2866 928 2923 (sin
940 2882 945 2912 :
958 2883 1022 2913 man-

144 2940 234 2986 ducatis
245 2938 303 2998 vcs);
316 2941 355 2997 qni
365 2938 422 2991 legis
432 2938 585 2982 observatores
596 2938 668 2982 videri
679 2937 792 2991 volebant,
805 2937 900 2995 perinde
910 2954 935 2982 ae
944 2939 1019 2999 lepre«

149 3026 198 3057 sum
207 3006 327 3067 fugiebant
340 3008 476 3052 consortium
486 3022 564 3065 eorum
574 3007 613 3066 qui
622 3006 670 3064 legi
684 3019 731 3048 non
741 3009 847 3064 parerent
863 3005 965 3067 (Lnrrtllb
982 3012 1018 3052 ta-

149 3084 205 3128 lium
223 3079 343 3125 hominum
367 3079 494 3123 societatem
516 3078 700 3138 opprobrioesse
716 3075 802 3121 doctori
822 3077 914 3122 rabbini
936 3078 1017 3123 docent

150 3155 187 3215 (of.
204 3151 315 3199 thnsclre
327 3165 350 3210 p.
363 3144 425 3204 ¹123).
439 3152 497 3193 Bene
508 3152 570 3193 notat
579 3149 603 3192 S.
615 3146 694 3191 Paret.
707 3161 715 3191 :
729 3166 738 3188 a
752 3149 851 3207 primum
862 3149 964 3194 infirmos
975 3150 1017 3194 ad-
