2239 3511
138 202 139 205 ¹
169 206 195 255 112
428 213 455 254 DE
470 224 582 254 antatloan
597 224 658 253 INTER
672 224 700 252 MT
716 223 740 253 ET
755 223 790 252 llll.

200 316 219 376 A.
231 323 361 378 Antequam
372 319 402 363 ad
409 319 500 376 singula
511 318 649 373 accedimus,
658 333 733 377 pauca
743 318 810 376 dere
819 318 938 378 proposita
947 318 1050 362 notanda
1080 307 1081 310 ¹

169 394 227 436 sant.
245 390 565 449 1211000110101110000110011
582 393 651 448 quam
667 391 807 433 1000111101
824 389 909 434 habere
921 389 1014 432 facilem
1027 392 1049 433 et
1065 395 1066 398 ’

170 461 261 505 obviam
284 460 423 506 solutionem
443 461 472 505 ab
492 460 600 505 omnihus
618 459 758 504 conceditur.
777 451 901 505 llamesse
920 474 967 504 101
983 460 1049 518 parri

143 526 144 529 ¹
168 534 280 577 momenti
293 532 322 576 ad
333 531 516 589 intellegentiam
529 530 774 588 historicam'originis
787 530 902 575 librorum
915 534 1047 576 nostrorum

169 606 277 649 fatemur.
291 603 334 647 Sed
349 603 378 647 ab
387 603 439 648 eius
453 602 564 660 solutione
576 602 679 662 pendere
691 604 769 646 totam,
778 601 957 659 Evangeliorum
971 605 1047 646 011010-
1061 649 1062 659 ἶ

171 676 261 723 ritatem
274 674 407 719 historicam
426 677 448 726 01
460 675 637 719 fundamentum
654 672 776 730 religionis
792 673 939 727 christianae,
952 673 1047 717 minime
1113 705 1114 708 ,

109 794 111 797 ,
170 759 249 791 verum
260 749 300 800 est,
316 760 368 789 cum
382 744 492 789 historica
507 744 591 790 veritas
605 737 736 789 traditionis
747 742 899 800 *evangelicae
910 743 980 787 etiam
994 744 1047 788 abs-

169 817 282 861 trahendo
294 817 323 861 01)
334 817 380 860 hac
391 815 522 876 quaestione
536 823 594 860 cerdo
609 805 704 875 prohdri
715 817 738 858 et
749 811 903 858 demonstrari
913 814 993 874 possit.
1078 818 1082 824 ’

198 890 228 931 Ne
244 891 322 931 autem
338 887 403 930 inre
419 886 508 930 incerta
520 884 670 929 fundamento
681 885 768 928 incerto
783 884 892 939 nitamur,
906 884 1046 944 principium

168 957 305 1002 sumendum
319 961 351 1000 est
361 972 387 1000 ex
400 956 524 1001 traditione
538 958 561 999 ct
571 955 709 1020 testimoniis
718 955 820 999 'externis
832 954 860 998 de
871 955 1045 1012 01511οΕ101-

169 1027 290 1085 geliorum,
303 1043 363 1087 quae
376 1017 423 1071 non
441 1027 567 1072 deserenda
580 1025 699 1082 sunt-nisi
716 1026 800 1070 adsunt
808 1025 914 1070 ‘rationes
928 1025 1045 1070 evidentes

102 1093 103 1096 ¹
158 1098 192 1141 ‘in
204 1100 295 1157 partem
309 1098 458 1147 contrariam.
469 1096 534 1142 Tales
547 1094 626 1142 autem
639 1096 772 1141 adessenon
780 1095 901 1155 probatur.
914 1095 951 1140 His
961 1110 1045 1155 suppo·
1074 1110 1081 1154 Ἰ

167 1167 215 1212 sitis
228 1168 257 1212 ad
270 1167 343 1227 ipsam
358 1168 517 1226 quaestionem
530 1167 668 1210 accedimns,
687 1156 688 1160 ¹
821 1224 822 1228 Ἰ

197 1241 246 1283 Non
258 1252 378 1295 negamus,
394 1238 455 1281 facta
467 1251 526 1295 qnae
539 1237 690 1296 proferuntur
703 1251 754 1280 non.
768 1236 876 1295 explicari
889 1236 934 1280 nisi
945 1236 1045 1296 admissa

168 1308 246 1367 aliqua
262 1308 365 1352 literaria
380 1307 536 1367 dependentia
550 1306 731 1364 Evangeliorum
745 1307 917 1366 synopticorum
932 1306 994 1351 inter
1010 1323 1041 1363 se,

112 1378 114 1382 ’
168 1378 214 1422 sive
227 1378 329 1422 mediata
345 1378 392 1422 sive
405 1369 546 1432 immediata,
557 1392 635 1436 neque
648 1376 797 1421 traditionem
813 1377 901 1421 oralem
915 1377 1043 1436 0010110111-

166 1448 269 1492 ficienter
285 1449 350 1493 lactis
366 1444 513 1507 respondere,
527 1448 570 1492 nisi
590 1447 640 1506 quis
655 1448 709 1491 velit
724 1462 839 1491 assumere
860 1447 983 1492 traditione
999 1449 1043 1493 1100

167 1519 225 1563 01011
232 1523 335 1564 creatum
344 1533 391 1563 esse
402 1521 435 1563 Ec
446 1514 542 1578 aliquod
549 1518 701 1578 primitivum,
711 1518 774 1577 quod
784 1509 887 1561 ordineni
897 1518 1042 1577 synopticum

166 1605 239 1650 usque
254 1591 283 1635 ad
296 1592 369 1641 multa
386 1590 539 1634 minutissima
551 1589 657 1641 tenuerit.
670 1593 716 1633 Hoc
732 1592 808 1633 autem
823 1588 979 1648 improbabile
994 1605 1041 1634 esse

166 1664 235 1720 patet.
250 1662 293 1705 Sed
309 1661 361 1705 ideo
375 1660 468 1704 traditio
483 1660 550 1705 oralis
565 1664 659 1704 nonest
674 1660 829 1721 neglegenda,
846 1663 868 1703 et
887 1660 916 1704 ah
934 1660 1041 1705 omnihus
1098 1704 1103 1717 ¹,

100 1752 102 1755 ⁴
166 1732 205 1790 qui
220 1747 267 1775 non
284 1723 379 1775 01111110
394 1731 441 1776 suis
457 1731 611 1789 praeiudiciis·
621 1730 782 1790 praeoccupati
798 1729 858 1785 sant,
876 1745 958 1775 revera
980 1735 1041 1776 recte

163 1803 263 1847 influxus
277 1804 330 1847 satis
349 1817 447 1859 magnus
463 1803 531 1846 haias
547 1801 677 1846 traditionis
694 1801 830 1846 admittitur,
848 1801 978 1846 Admodum
997 1802 1054 1846 dit'-v

164 1874 222 1918 fieile
233 1874 326 1933 quidem
340 1877 373 1918 est
386 1876 491 1918 accurate
507 1873 604 1917 delinire
618 1873 719 1934 gradum
731 1862 754 1916 et
767 1873 868 1926 modum,
884 1888 930 1932 quo
945 1872 1040 1926 traditio
1072 1922 1074 1927 ,

164 1944 231 1989 oralis
246 1961 269 1989 se
284 1944 417 1999 exercuerit,
432 1944 472 1988 sed
488 1943 604 2003 quaedam
617 1959 669 1988 cum
681 1943 953 2006 summafprohahilitate
970 1945 1038 1991 statut

163 2020 264 2075 possunt.
277 2015 344 2061 tlulta
358 2017 416 2060 facta
429 2031 456 2059 ex
465 2015 512 2059 vita
522 2015 612 2069 Christi,
628 2015 730 2075 plurima
742 2008 812 2067 dicta,
827 2019 878 2074 tum
887 2014 979 2072 singula
989 2019 1038 2060 tum

163 2088 279 2145 longiores
296 2090 411 2131 sermones
426 2091 448 2131 et
462 2086 588 2145 parabolae
598 2086 708 2146 uidentur
718 2087 747 2130 ab
760 2086 825 2130 initio
839 2100 907 2145 saepe
920 2087 1039 2145 proposita
1062 2085 1064 2088 ’

164 2173 212 2202 esse
230 2158 303 2202 abiis
320 2159 359 2217 qui
377 2161 445 2201 testes
461 2172 539 2201 rerum
558 2158 659 2202 fuerant.
675 2159 749 2216 Atque
768 2171 819 2200 cum
837 2159 917 2200 notum
937 2158 973 2212 sit,
994 2172 1039 2217 qua
1099 2173 1101 2178 ⁴

130 2266 132 2268 .
162 2229 326 2290 ratione‘apud
336 2228 433 2273 ludaeos
446 2229 564 2273 doctrinae
578 2229 741 2286 magistrorum
753 2246 763 2268 a
776 2227 901 2282 traditae»,
910 2228 1038 2277 ,memoriae

163 2300 284 2345 mandatae
305 2300 358 2354 sint,
376 2300 475 2344 ettnderu
493 2300 590 2343 niodum
607 2314 737 2359 supponere
754 2299 808 2343 licet
831 2299 855 2342 in
871 2299 997 2344 traditione
1016 2304 1039 2344 et

163 2372 266 2416 doctrina
276 2372 413 2416 christiana.
425 2371 498 2416 Huius
507 2370 543 2415 rei
553 2371 649 2430 vestigia
662 2371 686 2414 in
697 2370 753 2429 ipsis
767 2366 898 2426 Evangeliis
910 2362 1039 2429 deprehen-

163 2442 245 2496 dimus,
258 2443 320 2501 apud
333 2445 353 2486 S.
366 2441 464 2485 Paulum
476 2441 583 2498 legimus.
596 2440 637 2491 Qui
648 2439 734 2484 lactum
748 2454 795 2485 esse
807 2440 905 2495 videtur,
917 2443 942 2485 ut
956 2441 1038 2500 paula-

151 2512 203 2555 tim
211 2513 289 2571 farma
299 2513 462 2556 aromaticarum
473 2511 625 2556 determinato
638 2514 715 2555 exorta
728 2511 762 2566 sit,
775 2513 800 2555 ut
813 2510 928 2570 precedam
936 2513 1004 2568 foeta
1016 2520 1038 2556 et

160 2598 272 2628 sermones
285 2583 346 2628 10101·
359 2598 382 2627 se
395 2575 596 2642 coraioriqereutur.
612 2585 671 2627 Haec
685 2596 770 2640 magna
784 2584 887 2641 exparte
899 2581 924 2625 in
936 2585 1037 2639 11νο130-

160 2656 195 2699 liis
209 2655 336 2715 synopticis
350 2655 470 2712 leguntur,
482 2655 576 2699 fortasse
592 2654 615 2698 in
630 2654 711 2698 eodem
725 2653 814 2709 ordine,
830 2668 876 2712 qno
890 2656 958 2696 antea
973 2652 1046 2698 exhi-⁴
1079 2713 1084 2718 ἱ
1118 2712 1120 2714 ³

162 2724 281 2770 1101101111.
295 2729 415 2783 Quousque
434 2724 525 2768 traditio
544 2724 612 2768 oralis
628 2738 749 2783 progressa
767 2723 803 2777 sit,
818 2722 874 2781 quid
887 2723 1035 2782 praestiterit,

160 2810 207 2839 101
222 2795 288 2840 facile
303 2794 422 2838 definitur.
435 2795 478 2839 Sed
491 2797 580 2839 eertum
594 2808 641 2839 esse
658 2793 755 2847 videtur,
768 2807 817 2836 eam
829 2792 915 2836 diutius
928 2792 1035 2849 viguisse,

161 2870 283 2923 antequam
299 2864 403 2924 primum
417 2865 450 2907 Eo
469 2867 543 2909 ortum
561 2867 604 2918 est,
619 2867 641 2907 01
660 2878 724 2907 suam
741 2861 902 2907 auctoritatem
919 2862 1035 2917 habuisse,

160 2936 186 2977 ut
194 2934 341 2990 evangelista,
353 2934 393 2992 qui
404 2932 487 2977 Christi
500 2934 534 2984 Eo
543 2931 567 2976 in
579 2932 637 2975 libro
648 2932 783 2989 consignare
793 2931 871 2984 vellet,
884 2930 994 2975 facillime
1007 2932 1037 2975 ad

155 3001 542 3058 hanc‘traditioncmaccurrerit,
560 3003 659 3048 11011110
679 3002 697 3047 si
717 3003 746 3047 ad
770 3018 807 3047 eos
828 3003 955 3061 scripturus
978 3009 1046 3057 erat,

158 3075 242 3135 quihus
257 3075 313 3118 haec
327 3076 420 3119 traditio
432 3091 458 3120 ex
471 3075 542 3133 longo
553 3078 657 3134 tempore
669 3074 789 3118 familiaris
798 3077 854 3118 erat.
867 3068 869 3072 ’

188 3146 218 3206 (1)
230 3151 260 3191 De
272 3145 351 3189 ordiar
361 3146 483 3207 utriusque
497 3146 624 3204 Evangelii.
641 3145 677 3190 His
692 3145 815 3206 suppositis
830 3144 983 3202 intellegitur,
995 3159 1035 3189 eur
