2239 3511
174 175 187 222 11
366 185 392 214 DE
406 185 423 215 S.
439 184 548 213 uarrlmuu
563 184 655 213 AUCTORE
670 184 726 212 rulur
742 182 859 212 Evaunum.

173 295 221 324 non
235 280 313 335 tradit,
329 280 369 325 scd
382 283 487 324 auctores
503 281 569 322 vocat
583 278 699 337 apostolos
711 283 733 322 et
746 277 903 337 apostolorum
917 276 1048 336 discipulos.

174 354 220 395 Iam
234 367 288 396 vero
304 351 323 395 si
336 354 356 395 S.
372 351 483 396 llatthaeo
499 350 559 393 liber
575 349 722 407 evangelicus
741 348 887 402 adscribitur,
904 348 991 407 inipso
1006 348 1050 391 hoc

174 423 232 466 16616
243 422 342 467 habetur
356 426 521 480 argumentum
532 436 577 465 nou
593 421 644 465 leve
655 420 765 465 veritatis
779 424 834 482 Cum
850 420 912 464 enim
928 421 962 464 Mt
974 433 1049 476 neque

173 493 198 536 in
221 494 354 538 narratione
375 492 523 551 ·Evaogelica
551 483 627 552 neque
655 493 680 536 in
705 482 765 537 Actis
787 492 947 551 Apostolorum
974 505 1049 548 neque

173 564 198 608 in
211 564 262 610 aliis
278 565 344 609 libris
354 564 512 610 Nl'est‘amenti
524 568 564 609 aut
580 565 603 607 iu
617 564 683 608 libris
698 562 836 624 apocryphis
856 562 973 622 prioribus
987 561 1049 605 inter

174 637 288 695 apostolos
306 636 404 694 insignis
425 651 474 681 6666
495 629 644 691 describatur,
659 651 706 680 non
726 635 860 694 explicatur,
875 650 916 679 cur
935 635 955 678 61
977 634 1048 692 potis-

173 708 258 752 simum
270 724 326 768 prae
341 708 393 753 aliis
405 708 556 766 Evangelium
572 707 642 767 idque
655 708 757 767 primum
778 706 900 751 tribuatur.
916 708 988 756 Quare
998 704 1049 763 ipsa

173 780 266 824 traditio
275 780 300 824 in
308 796 331 825 se
341 784 442 840 spectata
452 780 629 839 quammaxime
642 784 667 823 ut
678 795 732 824 vera
745 779 925 823 commendatur.

169 861 171 866 “
201 854 282 896 Notum
303 857 335 896 661
357 852 515 896 1661161661661
538 851 599 910 quod
621 850 694 895 Euscb
717 851 748 910 (h.
772 849 791 894 6.
812 849 912 909 saara)
931 864 956 892 er
973 848 1047 908 Papia

174 922 265 980 posuit:
279 934 340 968 ταῦτα
362 930 396 979 μὲν
409 925 441 968 oda
463 927 562 981 ἱστόρηται
576 929 603 980 τῷ
617 924 687 981 Παπίᾳ
699 926 743 980 περὶ
761 933 793 966 τσῦ
810 924 902 980 1116666,
917 925 962 979 περὶ
980 925 1000 964 δὲ
1013 931 1046 965 τοῦ
1100 972 1101 975 ¹

174 995 276 1039 11ατθαίου
286 988 344 1039 ταῦτ’.
353 1000 437 1053 εἴρηται·
448 996 552 1046 Plastena
570 1000 604 1049 μὲν
622 995 654 1038 616
668 997 741 1051 tapeta
756 998 852 1051 διαλέκτῳ
862 994 885 1037 τὰ
896 995 955 1049 librae,
966 983 1051 1036 curem·¹
1107 1024 1110 1029 -

174 1068 228 1118 ξατα,
237 1072 363 1124 *apparerem
378 1065 448 1110 t’otrb
457 1070 484 1119 ὡς
493 1069 516 1121 ἦν
527 1071 607 1117 &tram
618 1069 706 1117 ἔααστες.

189 1138 191 1141 ’
203 1136 289 1195 Pupius
302 1124 430 1181 secundum
438 1137 559 1180 Irenaeum
570 1135 631 1195 (adr.
643 1136 707 1180 haer.
720 1139 780 1190 533,
792 1136 813 1194 1)
824 1137 916 1178 loannis
926 1135 969 1179 fuit
980 1134 1047 1178 audi-

139 1203 140 1206 ’
173 1210 217 1262 tor,
229 1207 350 1267 Polycarpi
359 1207 530 1266 condiscipulus
541 1212 580 1251 aut
591 1206 683 1260 sodalis,
696 1214 783 1266 ἑταῖρος,
792 1207 826 1250 vir
833 1221 892 1251 unus
901 1221 927 1250 ex
934 1205 1044 1264 antiquis,
1108 1194 1111 1199 .

173 1280 258 1337 ἀρχαῖος
274 1280 331 1338 ἁνήρ.
349 1280 423 1323 Euscb
435 1267 467 1338 (hi
480 1294 500 1322 e.
513 1282 573 1332 336,
589 1282 610 1332 2,
623 1278 705 1322 Chron.
726 1278 756 1321 ad
768 1293 820 1323 anu.
839 1278 955 1321 Abraham
968 1278 1044 1335 2122),

173 1354 195 1394 61
212 1365 263 1394 eum
277 1353 367 1395 secutus
380 1349 436 1394 Hier
450 1349 485 1409 (de
499 1349 540 1393 vir.
556 1349 591 1393 ill.
608 1349 644 1408 18)
660 1365 713 1393 eum
728 1349 806 1392 dicunt
823 1349 953 1408 episcopum
967 1348 1046 1392 Hiera-

172 1421 308 1481 politanum.
322 1424 378 1466 Tum
392 1411 498 1466 Irenaeus
511 1424 560 1465 tum
573 1420 682 1465 Eusebius
690 1421 713 1464 in
730 1421 764 1464 his
775 1420 881 1464 videntur
894 1419 987 1463 omnino
1000 1420 1045 1464 fide
1085 1467 1087 1470 ,

173 1492 238 1550 digni
250 1508 306 1545 esse,
318 1507 371 1537 cum
382 1493 464 1552 Papiae
476 1492 549 1536 libros
562 1491 660 1549 legerint
669 1497 737 1553 atque
746 1491 798 1535 aliis
809 1491 970 1536 traditionibus
979 1491 1046 1535 certis

127 1593 129 1596 >
173 1563 281 1608 nitantur.
296 1568 402 1608 Irenaeus
419 1568 496 1608 autem
509 1562 619 1621 quoniam
637 1577 684 1606 non
697 1562 768 1619 louge
781 1562 946 1621 atemporibus
961 1563 1044 1621 Papiae

172 1629 246 1689 distat,
257 1638 279 1679 et
294 1650 347 1679 cum
361 1635 413 1679 Asia
428 1635 516 1678 minore
532 1633 654 1678 relationes
667 1634 758 1688 habuit,
776 1638 797 1677 et
811 1638 873 1678 certo
890 1634 990 1689 affirmat
1004 1637 1045 1677 Pa-

171 1706 232 1765 piam
244 1707 338 1750 loannis
348 1705 457 1765 Ephosini
466 1705 535 1750 luisse
546 1705 683 1757 auditorem,
696 1720 722 1749 eo
736 1706 785 1764 ipso
799 1706 892 1764 Papiam
903 1706 963 1749 oirc'a
975 1705 1045 1749 tinem

171 1777 240 1837 primi
254 1777 340 1822 saeculi
356 1792 407 1821 cum
426 1781 512 1821 loanne
532 1780 554 1820 et
570 1778 693 1836 Polycarpo
709 1780 867 1820 conversatum
890 1791 937 1820 esse
955 1777 1042 1820 asserit.
1089 1803 1091 1805 >

170 1849 334 1894 Testimonium
350 1863 420 1908 supra
441 1844 562 1892 laudatum
584 1848 669 1904 legitur
689 1848 712 1891 in
737 1863 806 1907 opero
819 1849 893 1907 'quod
909 1848 1045 1892 inscribitur

170 1925 250 1978 1166166
265 1927 362 1980 roprande
378 1923 482 1978 ἐξηγήσεις
502 1919 584 1978 (arisel
599 1919 622 1962 h.
640 1934 659 1963 6.
680 1923 741 1972 339,
759 1919 789 1978 1),
807 1921 878 1964 86661
899 1918 958 1963 illud
978 1919 1045 1978 ponit

170 1996 221 2053 post
233 1991 388 2036 testimonium
402 1991 484 2050 Papiae
503 1994 525 2034 et
540 1990 633 2034 loannis
647 1990 776 2050 presbyteri
789 1990 817 2034 de
830 1990 953 2048 Evangelio
968 1991 1042 2046 llarci,

170 2065 269 2109 sednon
283 2066 376 2116 constat,
396 2070 442 2121 quo
460 2061 539 2106 ordine
560 2062 621 2121 apud
643 2062 735 2120 Papiam
750 2061 836 2121 scripta
854 2062 947 2106 fuerint.
966 2065 1043 2121 Neque

170 2138 264 2189 constat,
278 2134 348 2178 verba
358 2148 384 2177 er
397 2133 466 2192 Papia
479 2133 551 2177 relata
560 2134 634 2176 sintne
645 2133 728 2192 Papiae
739 2148 768 2177 an
780 2133 853 2191 ipsius
861 2135 961 2184 loannis.
987 2133 1051 2179 Sunt⁴

170 2206 263 2266 quidem
276 2206 316 2264 qui
329 2220 382 2249 cum
396 2206 470 2249 Bctser
481 2205 567 2263 1111661.
588 2204 761 2256 Quartalschriit
778 2209 806 2249 80
822 2193 893 2263 (1898)
909 2209 959 2259 169,
979 2210 1044 2251 19666

113 2304 127 2316 0
171 2283 193 2322 61
218 2276 339 2336 9511913),
363 2280 404 2320 333
428 2291 445 2320 s.
476 2276 625 2332 1116161161ιὲρΞ
648 2280 714 2329 1905,
744 2281 770 2320 23
792 2275 810 2335 6)
836 2280 948 2330 asserant,
972 2278 1044 2321 rerba

168 2349 242 2409 ipsius
256 2363 302 2392 6666
318 2348 419 2392 loannis.
434 2347 478 2391 Sed
495 2348 603 2405 quoniam
618 2347 760 2405 probabilius
776 2362 805 2390 nc
815 2347 894 2406 priora
911 2348 1004 2405 quidem
1016 2349 1044 2393 de

169 2424 240 2465 llarco
251 2420 328 2462 omnia
346 2422 456 2462 6166666
471 2417 531 2462 dicta
544 2420 603 2471 suut,
617 2417 736 2462 611666116
752 2429 812 2464 ταῦτα
825 2423 923 2477 ἰστόρηται
936 2426 962 2477 τῷ
974 2422 1044 2481 Παπίᾳ

170 2490 232 2551 apud
246 2487 377 2543 Eusebium,
394 2490 452 2533 sicut
464 2488 551 2534 similes
569 2489 695 2534 locutiones
710 2490 772 2549 apud
793 2504 887 2547 graecos
906 2491 1041 2547 generatim,
1089 2518 1091 2521 -

169 2562 301 2621 saepissime
322 2560 435 2618 significat
455 2560 510 2605 baec
536 2560 600 2619 66661
620 2560 719 2619 Papiam
745 2560 857 2620 leputatur,
888 2561 1064 2607 testtrooaizon»

169 2635 258 2687 1161661,
275 2632 339 2677 nullo
353 2636 491 2690 argumento
508 2631 595 2676 61116661
613 2632 783 2677 demonstratur
798 2631 870 2677 verba
885 2648 932 2676 esse
948 2633 977 2677 ab
993 2634 1043 2693 ipso

169 2709 253 2749 Joanne
264 2704 399 2763 presbytero
404 2703 496 2762 prolata
507 2706 529 2747 et
540 2706 565 2746 ut
574 2703 626 2747 16116
637 2703 764 2747 formaliter
774 2718 788 2747 a
797 2705 867 2764 Papia
877 2705 963 2748 referri.
976 2708 1044 2765 Prop-

169 2780 230 2820 terea
252 2776 277 2819 iu
295 2775 344 2833 ipso
363 2775 492 2819 testimonio
517 2775 651 2834 exponendo
670 2775 809 2820 abstinemus
828 2775 856 2819 ab
873 2776 916 2820 hac
937 2777 1043 2835 supposi-

123 2847 127 2854 '
169 2847 238 2892 tione.
255 2845 410 2890 Nihilominus
428 2846 547 2905 probabile
566 2847 660 2890 omnino
677 2860 724 2890 esse
744 2846 844 2901 videtur,
865 2862 911 2891 non
925 2847 1000 2892 solum
1015 2848 1043 2892 de

168 2920 239 2962 tlarco
258 2918 295 2961 sed
312 2917 381 2961 etiam
402 2917 430 2961 de
447 2919 558 2961 llatthaeo
575 2917 637 2976 apud
652 2931 691 2961 666
707 2917 817 2975 quicum
836 2921 920 2962 toaune
941 2919 1041 2974 luerunt,

160 2988 312 3047 66666116666
324 3003 372 3032 6666
388 2991 491 3046 agitatas,
507 2992 629 3048 propterca
637 3003 686 3032 rem
702 2988 775 3049 ipsam
785 2990 879 3034 tandem
893 2990 922 3034 61
935 2993 1043 3035 loannem
1078 3017 1080 3021 ι

169 3059 322 3103 reducendam
340 3075 396 3104 esso.
417 3061 511 3112 Quando
530 3059 609 3119 Papias
623 3060 741 3120 scripserit
754 3076 800 3105 non
813 3061 882 3120 plane
897 3064 984 3105 certum
1000 3066 1040 3106 661.

168 3131 211 3175 Sed
223 3130 316 3175 ridetur
331 3130 391 3175 circa
405 3146 492 3176 aunum
507 3135 556 3185 130,
572 3130 653 3175 saltem
666 3132 798 3177 non‘multo
815 3136 899 3192 postea,
917 3132 1048 3192 scripsisse,
