2239 3511
148 227 149 230 *
165 250 202 290 ana
526 254 603 284 narra.
619 245 638 291 9,
655 243 687 282 13Δ
751 295 753 306 t
767 235 770 240 ’

165 357 210 401 quo
221 356 288 386 sensu
302 341 393 386 dicatur
405 357 452 386 aaa
467 336 519 387 cerci
531 357 611 388 cocere
624 336 704 399 iustos,
721 355 796 401 neque
812 340 873 384 enim
888 343 941 384 sunt
952 338 991 398 qui
1001 352 1048 383 nou
1078 337 1079 340 ’

132 410 134 414 ’
163 425 219 470 opus
228 411 329 457 habeant
335 412 455 470 salvatore.
466 414 559 474 Saepius
567 414 637 458 tristes
644 412 759 473 explicant
766 410 974 471 dioiperironiam3
984 406 1058 469 quod'

161 494 242 527 verum
259 487 292 527 est
309 483 328 527 si
343 476 474 544 concipitur
491 500 540 529 cum
555 485 579 529 S.
599 485 688 545 Chrys,
702 499 729 529 eo
745 483 793 528 soil.
810 496 877 528 sensu
893 481 956 541 quod
969 480 1052 525 nullus
1100 540 1104 545 x

155 560 219 614 esset
235 558 310 602 iustus
326 557 351 600 iu
367 560 441 615 terra,
454 557 498 601 alii
512 560 588 602 autem
603 557 675 602 iustos
692 556 768 601 vocari
778 555 843 599 aiunt
859 553 992 614 pharisaeos
1005 551 1045 610 qui

160 628 254 673 inanem
262 642 327 673 suam
333 627 421 673 iactant
429 628 539 674 iustitiam
549 628 581 689 (S.
592 628 639 674 Htl.
652 627 754 688 Clrrpsol.
763 625 817 671 aed.
826 624 907 670 Pcsch.
916 627 955 668 Br.
966 622 1041 667 Thoar.

137 706 138 709 ’
160 699 253 759 Larrrp);
264 703 286 743 at
299 699 334 744 uti
343 700 415 745 verba
423 699 506 756 iacent,
518 699 603 747 durum
613 703 645 745 est
654 703 675 743 et
683 699 779 743 minime
788 711 868 743 verum
878 696 991 740 Christum
998 708 1044 739 non

160 770 248 815 venisse
258 774 285 815 ut
298 770 430 830 pharisaeos
441 786 532 831 quoque
545 766 654 816 invitaret
666 770 695 815 ad
708 770 809 828 regnum
819 767 865 813 aei.
882 767 971 818 Quoties
983 764 1043 809 euim

160 842 200 887 hos
215 842 305 887 vocavit
319 856 323 886 :
338 846 393 901 quot
405 842 596 902 reprehensiones
613 844 635 886 et
651 845 706 900 quot
722 841 910 899 redargutiones,
926 840 958 882 tot
974 836 1043 880 etiam

160 913 291 959 vocationes
299 912 327 956 iis
339 913 411 968 dedit,
422 927 497 972 neque
505 913 568 957 aliud
577 912 648 957 verba
658 912 699 956 illa
708 912 802 958 dicunt:
814 911 944 964 Ierusalem,
957 901 1042 968 quoties

159 970 222 1027 volui
234 984 377 1041 congregare
385 986 427 1029 etc.
440 988 465 1029 ln
473 985 517 1038 hoc
526 985 608 1036 Christi
618 997 726 1042 responso
736 982 838 1027 notanda
845 984 939 1040 iusuper
949 983 985 1025 est
991 993 1049 1023 oum

158 1054 219 1098 [aas.
230 1057 322 1113 praeter
335 1056 383 1099 eius
393 1054 417 1099 in
426 1057 557 1114 peccatores
569 1054 737 1113 benignitatem
746 1064 832 1112 magua
844 1052 884 1097 ille
893 1049 1043 1114 mansuetudo
1111 1089 1112 1093 ,

159 1139 205 1183 qua
220 1125 340 1170 malevolis
355 1126 549 1171 obtrectatoribus
563 1125 665 1171 muneris
678 1125 837 1170 sui-rationem
849 1123 955 1183 explicat.
971 1122 994 1166 si
1007 1120 1043 1164 illi
1072 1179 1073 1182 Ἰ
1116 1132 1118 1135 ’

138 1188 140 1191 ’
158 1211 210 1240 vere
227 1196 324 1241 fuissent
337 1197 396 1254 legis
410 1197 522 1255 doctores,
541 1197 565 1256 in
578 1212 604 1241 eo
621 1208 722 1242 nruuere'
731 1197 876 1261 agnovissent
890 1194 991 1239 Messiam
1005 1193 1011 1250 (
1025 1193 1040 1236 1.

158 1267 761 1327 rarasreamare53,arr;cr‚1.aaea‚1o).

189 1384 242 1424 Cum
253 1384 287 1424 Os.
303 1385 337 1431 6,ss
349 1385 372 1423 in
385 1385 452 1425 altero
462 1385 559 1425 membro
575 1387 676 1437 sequatur
687 1397 691 1424 :
704 1388 725 1424 et
740 1384 850 1425 scientiam
864 1384 902 1424 Dei
916 1384 964 1435 plus
980 1393 1048 1433 quam
1092 1428 1093 1431 Ἰ

161 1440 292 1497 holocausta,
304 1449 383 1489 iterum
394 1449 553 1490 demonstratur
562 1450 614 1490 illud
626 1462 667 1489 aaa
677 1449 779 1501 inpriore
789 1450 886 1489 membro
898 1460 941 1488 non
952 1443 1033 1487 cascar

160 1514 279 1565 significare
289 1525 314 1553 ao
324 1513 341 1553 si
353 1515 545 1566 Deus'reproharet
558 1526 581 1554 ac
591 1515 658 1568 nollet
670 1514 805 1571 sacrificium,
820 1525 894 1554 verum
908 1512 992 1552 institui
1001 1524 1043 1552 ·ve-

161 1578 199 1618 tuti
210 1578 394 1630 comparationem
404 1579 489 1619 tacitam
499 1582 572 1620 utrum
582 1578 609 1619 sit
618 1580 685 1631 magis
697 1578 860 1631 praeferendum
870 1579 904 1618 vel
912 1578 954 1618 utri
964 1588 1012 1629 pars
1023 1581 1043 1616 et

140 1683 142 1686 .
159 1644 206 1683 laus
219 1639 334 1695 praecipua
349 1644 377 1684 sit
390 1644 531 1684 attribuenda.
540 1644 611 1696 Simili
626 1637 697 1691 sensu,
709 1647 732 1684 ut
741 1642 806 1683 illata,
821 1643 996 1692 notat,Ghristus
1010 1642 1042 1690 lo-

159 1709 232 1760 quitur
242 1708 315 1758 dicens
327 1721 331 1748 :
343 1709 440 1750 doctrina
449 1721 499 1749 mea
507 1722 549 1749 non
560 1712 592 1749 est
601 1721 658 1759 mea,
671 1709 709 1749 sed
718 1709 764 1749 eius
775 1710 812 1760 qui
823 1709 882 1748 misit
891 1720 934 1757 me,
944 1707 978 1748 vel
987 1718 991 1746 2
1000 1718 1043 1746 non

159 1785 196 1813 vos
207 1774 258 1813 estis
268 1773 305 1825 qui
315 1774 438 1825 loquimini,
451 1774 488 1814 sed
499 1774 587 1827 spiritus
596 1764 664 1814 Patris
675 1774 740 1814 vestri
752 1774 788 1825 qui
798 1774 891 1825 loquitur
901 1774 924 1813 in
933 1772 1000 1813 vohis.

186 1840 210 1878 ln
221 1838 299 1877 scholis
309 1839 436 1889 theologicis
448 1839 543 1890 quaestio
554 1839 651 1891 agitatur,
663 1841 735 1879 utrum
745 1839 815 1879 lutura
825 1839 901 1878 fuisset
913 1838 1040 1884 incarnatio,

160 1900 177 1939 si
187 1901 255 1940 Adam
265 1911 310 1940 non
321 1901 525 1952 peccassetocnset
538 1899 602 1940 trata,
618 1901 673 1941 hanc
686 1902 837 1953 quaestionem
850 1912 953 1951 responso
965 1900 1042 1940 Christi

158 1966 198 2005 hoo
211 1966 258 2005 loeo
271 1965 325 2005 dato·
334 1965 396 2005 solvi.
411 1965 488 2005 Scribit
502 1965 574 2020 enim:
589 1980 598 2002 a
610 1965 715 2018 significat
731 1966 824 2006 Christus
839 1977 861 2006 se
876 1966 905 2005 ita
920 1967 1041 2017 peccatores

158 2041 268 2082 quaerere,
279 2032 304 2069 ut
312 2030 329 2069 si
340 2030 406 2082 aliqui
413 2030 505 2071 luissent
515 2030 574 2079 iusti,
584 2042 629 2071 non
638 2034 726 2083 propter
735 2043 771 2071 eos
779 2031 816 2072 sed
822 2033 910 2083 propter
920 2032 1041 2083 peccatores

157 2098 262 2136 venturus
272 2095 357 2135 luisset.
369 2096 416 2145 Hie,
428 2096 472 2135 nisi
483 2096 550 2144 fallor,
561 2108 625 2137 verus
635 2098 667 2136 est
677 2108 759 2137 sensus.
772 2097 845 2148 Itaque
859 2097 895 2136 illa
906 2096 1042 2147 quorundam

158 2161 307 2212 theologorum
317 2160 396 2211 opinio,
407 2161 444 2212 qui
454 2161 576 2201 existimant
587 2162 650 2201 etiam
662 2161 679 2201 si
687 2161 787 2202 homines
797 2173 841 2201 non
851 2164 974 2213 peccassent
983 2161 1041 2201 Chri-

158 2229 215 2265 stum
225 2224 292 2265 luisse
305 2228 428 2272 venturum,
441 2237 485 2265 non
501 2227 571 2266 solum
584 2226 636 2266 huic
651 2226 696 2266 icoo
708 2227 745 2266 sed
759 2218 880 2279 Scripturae
894 2226 947 2266 mihi
957 2226 1041 2267 videtur

158 2302 205 2332 esse
215 2290 319 2330 contraria
327 2293 348 2330 et
359 2291 409 2331 dum
420 2291 526 2331 incertum
537 2291 613 2331 Christi
620 2292 750 2332 heneficium
760 2292 828 2344 fingit,
841 2293 922 2332 certum
933 2291 986 2332 illud
997 2303 1039 2343 quo

157 2357 226 2397 maius
236 2367 281 2408 esse
291 2367 333 2396 non
344 2356 415 2408 potuit
423 2356 580 2408 redemptionis
590 2359 673 2397 nostrae
684 2359 805 2398 extenuare.
815 2358 842 2396 Et
852 2368 900 2397 vero
911 2356 953 2396 uisi
965 2357 1040 2397 scirem

158 2422 223 2461 etiarn
239 2421 354 2474 nonnullos
366 2421 483 2460 catholicos
498 2423 519 2461 et
533 2421 627 2462 eruditos
643 2421 699 2461 viros
713 2422 736 2460 in
747 2433 772 2461 ea
786 2432 831 2461 esse
847 2422 959 2469 sententia,
971 2422 1041 2462 multo

158 2498 205 2526 eam
218 2485 353 2536 gravioribus
367 2488 465 2526 notarem
478 2485 559 2534 verhis;
577 2486 614 2525 sed
628 2486 679 2525 nolo
694 2486 746 2526 dum
761 2486 892 2526 sententium
906 2486 1040 2538 reprehendo

157 2552 256 2591 auctores
270 2561 356 2602 quoque
371 2545 506 2590 virleri‘velle
522 2550 685 2602 reprehendere.
701 2552 791 2591 Tantum
807 2551 853 2591 dico
868 2562 912 2592 non
926 2564 989 2604 posse
1006 2543 1040 2593 ine

126 2606 130 2615 ”
158 2627 193 2656 eos
203 2615 239 2667 qui
251 2626 297 2655 eem
309 2614 425 2655 etiamnum
438 2615 566 2655 detensitant
576 2627 620 2655 uon
629 2615 703 2656 mirari
712 2632 731 2654 o.
744 2615 765 2656 Si
775 2618 813 2656 tua
823 2616 919 2665 interest,
931 2618 978 2670 lege
988 2616 1041 2669 quid

156 2681 181 2721 ad
193 2681 300 2721 eiusmodi
309 2683 434 2732 argumenta
444 2681 571 2732 respondeat
580 2679 664 2732 saara,
675 2681 701 2721 de
712 2682 865 2731 Incaruatione,
878 2682 955 2733 disput.
965 2685 977 2722 5
988 2686 1039 2724 sect

157 2749 199 2785 ln.
213 2746 245 2785 2>ss,
258 2747 290 2785 17,
303 2747 337 2785 30.
436 2739 442 2749 '
574 2756 577 2761 ·
732 2758 734 2761 ’
785 2756 787 2762 ’

250 2858 263 2902 e)
278 2860 361 2894 contra
375 2859 489 2902 opiniones
502 2860 674 2903 praeiudicatae
687 2861 822 2895 Iudaeorum
835 2860 856 2902 9,
873 2861 947 2896 14-17.
988 2902 989 2905 Ἴ

182 2952 230 2992 alt,
247 2953 297 2986 Tunc
307 2957 427 2990 accesserunt
437 2955 516 2989 adeum
531 2956 587 2989 disci·
636 2954 684 2999 9,14,
694 2954 736 2989 Τότε
749 2953 870 3000 προσέρχονται
883 2954 927 2999 αὐτῷ
940 2953 955 2988 οἱ
969 2953 1041 3000 μαθηταὶ

156 3012 196 3054 puli
208 3011 285 3044 Ioannis
296 3012 380 3047 dicentes
391 3023 395 3045 :
406 3022 464 3056 quare
473 3024 508 3048 nos
517 3017 535 3048 et
543 3016 588 3056 phe·
613 3011 691 3047 Ἰωάννου
704 3010 787 3055 λέγοντες·
798 3011 825 3047 ea
835 3013 851 3048 τί
860 3012 908 3060 ἡμεῖς
917 3014 944 3047 καὶ
957 3015 1041 3059 parturiet

155 3072 213 3105 risaei
238 3064 343 3108 ieiunemus
365 3072 478 3114 hemicnter,
502 3074 588 3115 diseipuli
611 3070 718 3116 νηστεύομεν1
726 3069 765 3106 aee
776 3072 848 3119 μαθηταί
857 3085 885 3107 σου
895 3072 913 3107 ot
925 3072 1039 3116 imoratorum,

158 3134 220 3164 autem
228 3130 259 3164 tui
275 3138 313 3163 non
327 3131 422 3163 ieiunant?
438 3133 464 3164 15.
476 3132 498 3164 Et
513 3133 538 3164 ait
551 3132 588 3164 illis
614 3131 641 3164 15.
661 3128 689 3163 καὶ
707 3128 751 3166 εἶπεν
773 3130 829 3172 αὐτοῖς
847 3131 856 3165 ὁ
879 3131 949 3176 Ἰησοῦς·
970 3130 991 3179 μὴ
1012 3131 1041 3165 δὺ-
