2239 3511
134 203 174 245 194
364 199 367 203 ⁴
427 242 428 245 ,
469 213 545 242 unrrn.
562 204 581 249 3,
597 202 667 241 rc-tt.

133 303 242 347 Dominus
257 306 315 347 lesus
332 302 444 361 incipiens
463 316 477 345 a
493 300 607 360 baptismo
630 299 719 343 loannis
739 300 791 353 eto,
809 297 850 341 uhi
869 299 929 342 clare
946 300 1007 358 patet

72 414 73 417 ,
133 373 234 417 officium
247 373 329 418 Christi
338 374 455 418 inchoasse
470 387 483 416 a
493 372 606 431 baptismo
616 371 713 415 loannis.
729 369 786 421 Quia
794 369 872 428 itaque
882 369 1006 428 baptismus

132 443 215 488 Christi
225 445 315 489 initium
333 447 379 490 erat
393 444 463 489 officii
476 443 569 497 Christi,
585 442 636 488 ideo
648 435 766 486 exordium
778 441 836 484 tanti
851 440 919 484 officii
930 454 1006 484 conse-

131 518 220 559 cratum
235 519 267 560 est
281 519 313 560 tot
327 517 451 576 mysteriis.
462 516 497 560 Sic
508 515 559 571 ille,
570 517 591 559 et
600 513 703 558 similiter
719 511 845 571 Celeridpe.
861 514 885 555 ln
902 526 941 556 suo
951 510 1006 571 hap-

132 586 197 638 tismo
209 588 323 632 Christum
333 588 401 634 simul
412 587 535 632 instituisse
547 589 713 631 sacramentum
722 583 874 643 baptismatis,
883 584 1005 628 multorum

84 656 85 659 ’
130 659 164 700 cst
183 660 304 715 sententia3
322 660 350 704 ci.
366 660 390 704 S.
411 659 489 704 l'bcm.
511 664 562 719 ap.
581 674 620 718 qu.
635 662 662 702 tt
676 659 718 702 art.
736 659 749 699 2
766 657 788 699 et
803 654 892 699 Gabriel
907 657 1004 714 Vasqnez

114 771 115 774 ,
131 727 160 771 ad
171 730 195 773 h.
210 729 239 785 l.;
251 731 303 775 vide
317 746 407 791 quoque
421 733 478 791 Lup.
497 730 613 789 Colera'dpe
628 745 650 789 p.
668 733 702 773 litt.
909 724 911 726 ¹
946 729 947 732 ’

162 801 185 844 Si
195 801 279 846 dicitur
288 804 396 862 Spiritum
405 806 509 853 sanctum
520 801 658 846 descendisse
672 804 693 845 et
702 800 790 844 venisse
801 813 869 859 super
879 799 1003 853 Christum,

129 870 154 914 id
165 885 212 915 non
220 887 246 916 eo
260 887 325 918 sensu
339 873 436 930 intelligi
450 873 518 916 debet
528 887 553 916 ac
563 873 581 916 si
592 872 691 916 Christus
700 872 724 915 in
734 870 812 926 anima
821 871 923 914 humana
933 870 1003 914 inter-

129 955 186 985 num
193 942 309 1001 quoddam
318 944 404 1002 gratiae
414 944 582 988 incrementum
590 944 710 1002 accepisset
718 941 755 986 vel
764 945 814 985 tum
822 941 914 985 demum
925 944 1003 985 unctus

129 1015 185 1056 esset
196 1014 276 1072 spiritu
287 1016 333 1061 Dei.
344 1019 394 1075 Ipse
407 1015 468 1058 enim
482 1015 549 1059 etiam
562 1018 586 1058 ut
597 1015 665 1059 homo
675 1012 773 1072 aprime
784 1015 904 1062 momento
912 1026 1003 1056 omnem

127 1082 152 1126 in
165 1098 187 1127 se
198 1084 484 1146 lralnebatplenitudinen13
497 1085 558 1129 unde
568 1086 642 1130 missio
652 1084 747 1129 visibilis
761 1083 863 1143 Spiritus
871 1083 942 1128 sancti
957 1098 1002 1128 non

127 1153 265 1210 significavit
277 1158 302 1201 in
317 1172 342 1202 eo
354 1172 440 1202 novum
452 1158 570 1207 ellectum,
586 1155 625 1201 sed
639 1156 711 1200 solum
723 1154 885 1200 declarabatur
898 1159 920 1199 et
930 1155 1001 1199 mani-

126 1224 252 1270 festabatur
264 1228 312 1285 aliis
328 1228 457 1288 praesentia
472 1228 569 1287 Spiritus
583 1228 654 1272 sancti
666 1228 691 1271 in
708 1226 809 1288 Christo,
830 1227 864 1269 vel
877 1229 902 1270 ut
916 1227 1001 1271 Saurea

126 1295 236 1355 loquitur,
252 1300 310 1343 nihil
321 1299 384 1359 aliud
397 1294 442 1344 fuit
452 1300 497 1344 nisi
507 1299 602 1358 Spiritus
612 1299 683 1343 sancti
696 1299 783 1358 donum
792 1297 854 1356 quod
866 1313 878 1341 a
888 1298 1001 1357 principio

127 1370 281 1428 conceptionis
292 1371 316 1414 in
323 1371 413 1416 Christo
426 1373 476 1415 erat
486 1385 512 1414 ac
525 1370 673 1430 permanebat
684 1384 744 1414 novo
755 1370 820 1426 signo
833 1368 918 1412 visibili
928 1369 1000 1414 ruani-

126 1437 205 1482 festari
219 1439 253 1499 (cf.
270 1441 324 1486 aab.
344 1443 421 1486 Thone.
439 1440 520 1501 lons).
532 1443 590 1485 llaec
604 1444 678 1485 autem
693 1440 848 1485 manifestatio
858 1439 919 1483 iacta
932 1442 964 1484 est
977 1445 1001 1484 ut

125 1508 182 1553 fides
197 1511 222 1554 in
238 1512 349 1556 Christum
366 1505 511 1557 excitaretur.
531 1511 724 1564 Quemadmodum
742 1511 814 1568 igitur
832 1510 930 1556 Christus
946 1523 1000 1556 voce

125 1581 198 1625 Patris
209 1596 255 1627 non
264 1586 296 1627 est
304 1584 376 1628 factus
386 1583 458 1638 filius,
471 1597 552 1627 verum
565 1585 681 1642 tamquam
692 1581 744 1627 talis
754 1581 829 1625 solum
838 1582 915 1641 palam
925 1582 1000 1627 decla-

125 1653 199 1709 ratus,
211 1653 244 1697 ita
254 1654 361 1699 descensu
372 1654 470 1714 Spiritus
479 1655 551 1698 sancti
558 1669 603 1698 non
613 1654 660 1714 ipse
669 1652 758 1714 aliquid
768 1654 857 1712 accepit
864 1654 926 1712 quod
935 1657 1000 1699 antea

124 1735 172 1766 non
181 1723 286 1781 haberet,
300 1726 340 1771 sed
350 1726 370 1770 ei
379 1726 538 1770 testimonium
548 1725 667 1769 exliibetur
676 1726 771 1778 coeleste
782 1727 876 1783 propter
887 1725 997 1770 homines

159 1795 232 1839 Simul
243 1799 317 1840 autem
330 1812 355 1841 ea
371 1802 429 1855 [sune
445 1796 470 1839 in
485 1796 568 1840 Christi
581 1796 692 1855 baptismo
707 1797 769 1840 facta
783 1798 835 1839 sunt
849 1794 999 1853 designabant

123 1883 150 1912 ea
161 1882 221 1927 quae
235 1882 276 1926 per
289 1867 428 1927 baptismum
447 1867 514 1910 nobis
526 1867 610 1911 dantur
630 1880 635 1912 :
651 1867 753 1926 aperitur
772 1866 892 1924 baptizatis
912 1867 998 1929 coelum

123 1943 190 1983 antea
212 1938 323 1994 clausum,
346 1939 413 1983 datur
434 1937 532 1997 Spiritus
552 1941 651 1993 sanctus,
676 1938 820 1997 recipiuntur
839 1938 864 1982 in
884 1938 940 1983 filios
959 1940 998 1983 Dei

122 2009 242 2068 adoptivos
253 2009 292 2069 (pl.
307 2009 355 2054 ord.
366 2009 390 2054 S.
402 2009 484 2054 Posala.
499 2009 576 2054 Thone.
588 2009 653 2054 Dion.
667 2011 726 2054 Iuris.
744 2007 791 2067 Syl
806 2010 823 2067 .)·
840 2012 861 2053 ct
872 2024 996 2070 eo‘qrroque

106 2111 107 2114 =
122 2081 191 2125 modo
201 2083 264 2139 patet
275 2095 342 2139 quam
355 2094 436 2124 verum
451 2080 480 2123 sit
496 2093 500 2124 :
514 2080 542 2124 de
552 2080 693 2139 plenitudine
709 2081 758 2124 eius
772 2094 851 2124 omnes
862 2095 902 2124 nos
913 2083 996 2141 accepi-

123 2166 174 2195 mus
189 2153 258 2209 (ioan.
276 2151 344 2210 1,16).
358 2151 458 2209 Denique
476 2138 653 2210 mohentquam
668 2150 786 2211 praeclara
803 2155 826 2194 et
838 2151 941 2196 sublimis
951 2168 997 2198 ma·

121 2222 234 2267 nilestatio
257 2223 358 2280 mysterii
380 2224 416 2266 SS.
440 2221 555 2267 Trinitatis
578 2223 602 2266 in
624 2223 705 2268 Christi
722 2223 859 2282 baptismate
885 2224 996 2269 habeatur

122 2293 156 2353 (S.
171 2294 234 2337 Hier.
249 2293 326 2338 Ambr.
337 2292 391 2338 Bcd.
405 2292 461 2338 aab.
479 2292 556 2338 Thous.
569 2294 629 2338 [aas.
645 2294 715 2340 Mald.
730 2296 788 2353 ch.
801 2296 873 2354 Lances
885 2297 945 2355 etc).
971 2308 973 2311 ·

146 2425 225 2465 Nullibi
236 2425 326 2465 inlibris
336 2425 473 2466 rabbinorum
484 2426 518 2465 vel
531 2426 554 2465 in
564 2427 659 2467 doctrina
667 2427 749 2467 iudaica
760 2427 802 2467 ulla
812 2428 835 2467 fit
847 2429 928 2469 mentio
939 2431 1003 2471 Mes-¹

119 2488 174 2543 siam
189 2490 308 2530 subiturum
323 2502 368 2530 esse
382 2490 489 2541 baptisma
499 2491 531 2529 vel
542 2490 642 2543 Spiritum
658 2495 753 2533 sanctum
769 2491 870 2533 informa
884 2495 993 2538 columbae

119 2566 244 2606 supereum
256 2566 301 2595 esse
313 2555 474 2595 descensurum.
487 2555 545 2595 Unde
557 2554 676 2613 cinctione
689 2560 710 2598 et
720 2558 877 2609 exspectatione
887 2562 993 2603 messiana

118 2620 244 2660 ludaeorum
255 2632 279 2661 ea
291 2622 382 2661 narratio
393 2620 469 2673 nequit
482 2621 591 2673 explicari;
606 2623 685 2675 pariter
699 2613 782 2664 certum
796 2627 828 2664 est
839 2636 886 2665 eam
901 2638 943 2666 non
957 2639 993 2679 po·
1058 2653 1059 2658 =

118 2686 184 2725 tuisse
196 2686 246 2725 oriri
259 2698 283 2726 ex
298 2686 361 2726 simili
373 2687 465 2738 quodam
481 2690 559 2728 eirentu
569 2689 646 2728 veteris
661 2689 762 2737 foederis,
776 2700 824 2729 cum
836 2690 941 2730 eiusmodi
951 2704 992 2732 non

118 2751 242 2803 reperiatur.
257 2753 328 2803 Neque
342 2765 381 2793 von
395 2753 420 2792 de
430 2753 490 2792 coelo
504 2753 548 2793 ullo
561 2754 625 2794 modo
636 2757 705 2807 potest
715 2755 817 2806 componi
828 2766 875 2795 oum
885 2756 927 2795 filia
936 2758 992 2797 vocis

118 2816 225 2869 bath-qol.
243 2819 295 2857 Nam
310 2829 335 2858 en
350 2818 526 2859 talmudistarum
536 2819 631 2859 doctrina
645 2821 687 2860 filia
702 2820 761 2861 vocis
777 2831 819 2859 non
832 2820 938 2862 inducitur
951 2823 994 2864 nisi

118 2883 232 2933 postquam
242 2883 351 2935 prophetia
362 2886 382 2924 et
393 2882 484 2936 Spiritus
499 2887 581 2925 sanctus
598 2886 686 2927 cessavit
699 2887 720 2925 in
731 2884 807 2932 lsrael,
821 2885 879 2925 cuius
896 2887 925 2926 rei
936 2888 992 2927 locos

118 2946 361 2989 sermocinarentur
377 2961 397 3001 p.
413 2950 462 2999 ‘2853
478 2961 546 3004 quone
557 2951 621 2991 simul
636 2963 682 2991 cum
699 2951 804 2991 descensu
821 2951 910 3003 Spiritus
927 2953 992 2993 sancti

119 3012 190 3053 audiri
204 3011 298 3064 bath-qol
315 3016 399 3054 omnino
415 3016 510 3055 alienum
527 3018 559 3056 est
573 3028 585 3056 a
601 3017 687 3056 notione
701 3015 817 3056 rabbinica.
833 3018 896 3058 Porro
913 3018 992 3058 adverti

120 3076 183 3115 dohet
193 3074 215 3114 in
224 3075 373 3117 vetustioribus
388 3079 471 3130 scriptis
485 3091 527 3119 non
539 3078 698 3118 commemorari
712 3077 819 3130 laath-col,
831 3082 991 3124 commemorari

120 3144 193 3181 autem
207 3152 232 3180 eo
243 3141 372 3193 frequentius
383 3154 425 3193 quo
436 3144 515 3183 seriore
531 3147 627 3196 tempore
644 3145 720 3196 scripta
736 3144 773 3184 illa
787 3146 832 3184 orta
847 3145 894 3185 sint.
