2211 3575
474 216 549 245 orurru.
558 232 559 236 ,
567 207 585 253 6,
602 205 634 244 13.
952 206 991 246 323

75 298 77 303 ¹
122 305 174 350 salis
184 305 202 349 Si
211 302 235 347 τὸ
247 306 330 366 πονηρὸν
340 308 474 368 supponitur
484 307 553 367 idque
562 308 695 367 supponunt
702 306 718 351 S
722 304 728 349 .’
739 307 808 365 Cppr.
821 303 880 363 Aatp.
891 317 927 361 op.
937 303 992 361 imp.

122 375 175 421 aad.
189 378 270 423 Pascit.
291 381 326 423 Br.
343 379 419 424 Tbom.
437 378 487 425 Alb.
504 378 552 424 Gai.
568 377 640 424 sala.
659 379 720 423 lans.
737 379 792 421 Bar.
811 377 910 430 Satara,
928 372 973 434 Syl
987 408 992 417 .

120 447 201 508 Lamp,
209 451 264 495 Ara.
275 450 371 505 Reiecit,
382 451 423 495 Fil.
436 454 458 495 et
467 466 493 495 ex
502 451 678 510 protestantibus
688 448 779 503 neela,
792 446 900 502 Tbolaelr,
909 448 995 505 [sanip-

59 534 61 536 ·
97 509 98 512 ¹
121 520 220 575 hausen,
236 521 297 577 Keil,
314 522 412 576 Mausel,
433 521 502 567 Weiss
515 525 556 565 etc.
575 520 678 580 (Iriamvis
693 521 717 564 in
731 520 881 579 explicatione
895 518 952 579 quid
966 517 995 562 sit

121 591 207 636 malum
214 607 259 636 non
266 592 326 637 inter
336 600 358 637 se
368 592 515 637 consentiant.
527 590 617 651 Πονηρόν
626 593 758 651 frequenter
766 589 888 634 adhibetur
896 590 924 634 de
932 589 993 634 malo
1037 625 1039 629 .

121 663 214 717 morali;
226 663 287 708 unde
301 664 378 709 omnia
391 665 430 708 illa
443 680 456 708 a
468 664 534 708 nobis
549 664 620 708 averti
630 663 727 722 petimus
740 676 800 722 quae
814 662 894 707 cedere
904 664 995 721 possent

121 733 150 778 ad
160 734 270 780 damnum
277 738 298 780 et
309 735 470 780 detrimentum
481 736 581 790 animae3
595 753 605 776 «
617 735 661 778 hoc
670 734 731 778 enim
738 736 839 797 petentes
846 725 955 793 petimuS‚
966 748 995 777 ne

121 806 167 850 vita
177 808 291 866 corporis,
308 808 403 861 sanitas,
415 807 532 867 opulentia
542 810 581 851 aut
591 806 751 866 quodcumque
765 804 898 860 aliud-sive
908 805 996 848 bonum

120 877 167 921 sive
180 878 266 922 malurn
277 878 402 937 temporale
417 879 482 923 cedat
497 879 566 923 nobis
575 880 599 922 in
610 878 697 922 malum
709 877 771 937 quod
786 879 820 922 est
831 877 964 935 simpliciter
975 878 996 919 et

90 956 92 959 ’
121 947 222 993 absolute
231 949 318 994 malum
329 966 341 1001 ¹»
354 950 424 1011 (Gai.)
436 951 471 994 vel
481 950 543 1010 quod
558 965 604 994 esse
614 952 689 1010 potest
698 948 790 993 virtutis
804 947 995 1008 impedimentum

121 1019 204 1080 (Lep).
214 1023 240 1064 Et
248 1022 302 1081 quia
311 1022 371 1066 mela
379 1037 469 1081 quoque
478 1022 574 1081 physica
581 1021 648 1065 facile
657 1020 753 1065 evadere
763 1022 857 1079 possunt
865 1020 994 1063 occasiones

94 1096 95 1100 ’
119 1094 264 1150 peccatorum
275 1093 310 1137 vel
319 1093 484 1152 impedimenta
493 1093 548 1137 boni
558 1097 580 1137 et
590 1092 705 1136 obstacula
712 1091 799 1147 servitii
808 1091 888 1146 divini,
901 1091 994 1135 omnino

121 1162 243 1206 dicendum
259 1164 301 1207 erit
311 1178 360 1207 cum
372 1165 459 1208 Staures
471 1163 487 1206 l.
502 1165 521 1206 c.
533 1179 556 1207 n.
573 1167 652 1207 aenos
665 1162 733 1206 etiam
746 1161 863 1222 postulare
875 1162 994 1206 liberatio-

119 1247 171 1277 nem
189 1234 379 1294 atemporalibus
395 1233 554 1289 incommodis,
574 1237 646 1294 peste,
664 1233 734 1287 fame,
753 1233 815 1277 bello
831 1236 853 1276 et
869 1233 992 1287 similibus;

120 1322 131 1346 a
146 1305 245 1365 oportuit
260 1306 321 1350 enirn
334 1309 358 1350 ut
369 1306 468 1350 Christus
479 1306 547 1350 etiam
560 1298 600 1349 nos
610 1305 701 1349 doceret
711 1320 725 1349 a
737 1308 781 1348 Deo
798 1318 844 1349 esse
857 1304 994 1363 sperandam

120 1379 141 1419 et
151 1376 273 1436 petendam
282 1377 442 1435 liberationem
450 1377 479 1421 ab
486 1377 591 1421 omnibus
601 1377 637 1421 his
646 1376 722 1432 malis,
732 1377 788 1435 quia
796 1377 843 1435 ipse
852 1376 913 1420 solus
923 1378 994 1435 potest

118 1462 158 1491 nos
167 1447 278 1504 liberare,
290 1451 311 1492 et
321 1451 413 1506 rogatus
422 1449 476 1493 facit
486 1448 577 1508 quando
588 1448 678 1508 expedit
687 1447 769 1503 nobis}
776 1448 835 1491 haee
844 1447 905 1492 enirn
916 1447 994 1491 condi-

118 1519 150 1562 tio
157 1534 198 1578 per
208 1534 231 1564 se
241 1523 274 1564 est
284 1520 372 1565 inclusa
380 1520 404 1564 in
412 1521 521 1579 petitione
530 1523 552 1564 et
560 1520 611 1564 ideo
619 1520 727 1578 explicari
733 1517 783 1563 ‘non
791 1518 921 1578 oportuit„
930 1523 992 1578 post-

118 1605 187 1649 quam
197 1591 319 1650 petivimus
327 1591 453 1635 necessaria
462 1591 523 1634 bona
531 1591 598 1634 lurius
610 1591 669 1634 vitae
680 1590 779 1649 petimus
791 1591 896 1634 similiter
909 1590 992 1635 libera-

118 1662 203 1705 tionem
211 1678 223 1706 a
230 1662 349 1706 contrariis
357 1663 421 1706 malis
431 1681 450 1707 u.
459 1662 552 1712 Quando
558 1662 656 1722 petimus
665 1662 793 1719 generatim
800 1662 894 1706 liberari
902 1676 915 1705 a
923 1662 990 1717 niele,

118 1733 217 1791 proiecto
225 1733 398 1792 etiampetirnus
405 1725 430 1776 ut
438 1733 466 1777 ali
478 1736 568 1777 auctore
576 1735 597 1776 et
607 1732 730 1776 architecto
741 1736 763 1777 et
770 1733 928 1777 machinatore
937 1734 991 1777 mali

117 1803 217 1858 moralis,
230 1819 243 1847 a
253 1804 353 1859 diabolo,
366 1807 520 1863 protegamur.
531 1804 574 1849 Sed
582 1803 609 1847 de
617 1803 708 1847 diabolo
716 1804 792 1863 primo
803 1807 903 1863 etperse
913 1819 993 1848 vocem

116 1875 244 1932 intelligere
261 1890 312 1919 cum
326 1876 349 1919 S.
372 1874 449 1935 Chrys.
469 1877 535 1934 Grep.
553 1889 612 1935 ayss.
628 1873 726 1934 Tlreopb.
740 1875 809 1918 Enisa.
829 1874 919 1920 Clarum.
936 1875 991 1920 Feb.

116 1945 187 1990 urolt.
202 1946 264 2005 Bisp.
278 1947 376 2000 Scbaaz,
390 1961 463 2005 neque
476 1946 545 1990 verbo
560 1946 608 2006 ipso
621 1960 695 2005 neque
710 1948 816 1990 contextu
827 1946 946 2000 suadetor3
962 1948 991 1992 cf.

118 2005 183 2060 usum
194 2017 252 2061 vocis
262 2022 322 2072 5,37.
335 2022 371 2062 39.
384 2022 422 2072 t5;
435 2022 495 2072 7‚11.
509 2021 546 2073 173
560 2022 635 2072 maa.
648 2021 674 2062 t5
686 2020 742 2071 eto.;
756 2018 825 2061 semel
835 2018 909 2061 solum
925 2023 992 2072 13‚1e

118 2088 219 2132 Christus
229 2087 347 2132 diabolum
359 2088 492 2148 simpliciter
502 2092 567 2133 vocat
576 2087 610 2130 τὸν
619 2088 715 2148 πονηρόν,
727 2089 767 2132 sed
777 2088 811 2132 ibi
821 2088 949 2146 designatio
964 2105 990 2133 ex

117 2160 218 2203 oratione
233 2162 336 2204 contenta
348 2160 400 2205 satis
415 2161 476 2204 clara
486 2162 528 2214 est3
544 2160 598 2205 alias
610 2163 689 2209 autem
698 2160 792 2204 vocibus
807 2155 902 2205 minime
916 2160 991 2205 dubiis

118 2245 143 2273 ac
153 2231 250 2289 propriis
260 2245 312 2274 eum
324 2231 434 2275 nominat.
449 2234 527 2290 Itaque
541 2246 592 2275 cum
604 2231 664 2275 nihil
676 2232 720 2275 hnc
732 2230 782 2275 loco
800 2231 930 2290 reperiatur
945 2248 991 2291 quo

116 2300 231 2362 oratiojad
245 2315 316 2344 unum
330 2302 487 2358 restringatur,
505 2317 584 2346 verum
601 2302 676 2360 potius
692 2316 719 2345 ex
736 2302 814 2346 indole
829 2303 988 2361 postulationis

115 2370 139 2413 τὸ
150 2371 232 2430 πονηρόν,
244 2387 312 2432 quani
332 2372 468 2431 amplissime
483 2373 642 2432 accipiendum
657 2374 695 2428 sit,
714 2372 787 2431 priori
805 2373 989 2432 interpretationi

114 2439 157 2493 erit
172 2439 272 2484 calculus
282 2438 439 2484 adiiciendusl
449 2439 485 2498 [cl.
498 2443 558 2494 5‚37.
572 2442 634 2483 loun.
647 2443 723 2494 17‚15.
734 2444 747 2483 2
757 2441 832 2486 Thess.
845 2446 891 2497 3‚3.
905 2446 916 2486 1
929 2445 992 2487 loen.

114 2515 174 2565 5‚19.
187 2514 250 2556 Rom.
264 2510 335 2570 tae).

143 2590 193 2630 Cum
203 2590 268 2642 igitur
281 2590 381 2630 orationis
395 2592 513 2632 dominicae
528 2593 622 2633 clausula
636 2595 657 2633 et
669 2593 738 2634 verbis
753 2596 773 2634 et
787 2606 810 2634 re
823 2594 870 2646 ipsa
880 2596 943 2646 atque
955 2607 989 2634 ar-

114 2656 215 2706 gumento
233 2654 374 2707 distinguatur
389 2669 400 2696 a
416 2658 550 2709 praecedenti
567 2658 678 2710 petitione,
696 2659 772 2700 merito
789 2663 928 2700 numerantur
942 2672 988 2712 sep-

136 2784 150 2813 1.
160 2780 204 2813 Vide
213 2780 311 2814 zeitschrift
320 2779 348 2813 fiir
362 2780 468 2814 hatholische
480 2781 686 2823 Theologie,1nnsb1·uck
699 2786 737 2816 1891
754 2792 769 2825 p.
784 2786 820 2817 780.
831 2783 908 2816 Verbum
921 2784 988 2827 ῥύεσθαι

114 2832 205 2866 adhibetur
215 2834 235 2867 de
245 2833 346 2867 liberatione
355 2843 365 2866 a
375 2833 425 2867 rebus
435 2834 510 2867 adversis
518 2844 572 2877 nequc
580 2843 656 2877 unquam
666 2836 683 2868 in
693 2835 742 2877 libris
752 2838 786 2869 vet.
797 2838 836 2870 test.
848 2838 934 2882 ὀπονηρὸς
944 2838 986 2871 dici·

114 2888 142 2919 tur
152 2886 173 2920 de
183 2886 256 2921 diabolo.
267 2890 357 2922 Praeterea
367 2887 428 2921 similes
438 2888 543 2931 precationes
553 2888 615 2930 quibus
625 2889 706 2931 protectio
712 2891 732 2923 et
741 2889 820 2924 liberatio
831 2900 841 2924 a
850 2891 900 2924 rebus
911 2891 988 2925 urlvcrsis

114 2939 214 2982 elllagitatur
225 2940 276 2974 etiani
284 2942 329 2985 apud
339 2942 419 2976 rabbinos
427 2942 445 2975 in
460 2951 492 2976 usu
502 2944 550 2975 erant
561 2941 589 2984 (cf.
603 2944 691 2978 Wiiusclre
701 2953 717 2986 p.
728 2945 760 2989 88).
768 2945 817 2979 Unde
826 2954 861 2988 quo
871 2955 922 2979 sensu
935 2945 986 2979 disei-

113 2993 149 3034 puli
158 2992 210 3027 verba
219 2994 282 3027 christi
290 2995 385 3039 intelligere
394 2996 491 3036 debuerint,
501 3004 534 3029 uon
544 2998 570 3029 est
578 2995 655 3029 dubium.
665 2999 728 3031 Vocem
737 3007 773 3032 esse
782 2998 803 3033 de
812 2998 880 3033 diabolo
889 2999 986 3041 intelligen-

114 3046 153 3079 dani
163 3047 213 3088 longa
221 3047 340 3090 disquisitionc
350 3051 439 3084 ostendere
447 3053 519 3084 conatur
527 3050 593 3090 Clausa„
601 3050 636 3083 The
643 3051 703 3084 Lard's
712 3061 774 3095 prayer
784 3053 801 3086 in
811 3053 841 3086 the
851 3053 897 3095 early
908 3053 984 3093 uuercu,

113 3100 212 3142 Cambridge
223 3103 271 3141 18913
281 3101 349 3135 videtur
357 3104 400 3138 vello
413 3104 503 3139 defendere
513 3104 583 3147 quodin
593 3104 670 3138 versione
678 3106 767 3148 anglicana
777 3110 815 3141 1881
827 3107 875 3140 novis
884 3107 930 3140 euris
939 3106 985 3139 edita

113 3154 213 3187 translatum
223 3156 249 3187 est
258 3165 266 3186 o
274 3155 316 3188 honr
326 3155 355 3189 the
366 3158 398 3190 cril
407 3167 439 3192 one
447 3170 455 3190 u
465 3158 482 3191 id
492 3158 539 3202 quod
549 3168 558 3191 u
568 3158 626 3192 multis
635 3159 670 3192 fuit
677 3159 796 3203 impugnatum
801 3171 809 3200 ,·
814 3169 854 3193 curn
862 3164 912 3194 antea
920 3160 985 3201 legere-

112 3207 140 3238 tur
148 3216 208 3248 genere
218 3210 279 3242 neutro
291 3220 299 3240 a
310 3208 353 3242 freni
363 3211 421 3252 cuitu,
433 3215 484 3254 prout
494 3212 544 3246 etiam
554 3213 626 3246 habetur
636 3213 655 3246 iu
662 3214 696 3247 The
706 3214 795 3256 Spculrer's
802 3214 855 3248 Bible.
