2211 3575
438 269 514 301 aaran.
532 260 563 308 ln,
577 238 649 301 arec]
776 313 777 316 Ἴ
924 272 926 279 ·
951 264 988 303 aar

99 355 166 416 Bata
176 361 227 402 sunt
235 357 275 402 alii
282 357 367 418 qur‘rel
378 359 406 402 de
417 358 536 418 discipulis
545 355 626 404 Christi
636 359 672 405 vel
683 361 711 404 de
721 358 839 404 exorcistis
848 357 985 404 ludaeorum

64 465 65 468 ,
82 481 84 488 Ι
102 427 334 489 verhaaccipianttcf.
347 428 372 472 S.
383 428 447 472 Hier.
455 429 509 473 Bcd.
518 423 601 473 Pceclu
608 430 658 473 Alc.
668 430 744 474 Ttom.
753 431 820 475 Dion.
831 429 880 476 Cat.
891 428 983 491 Calact

82 490 85 553 ξ
101 492 984 560 Atappositemonetlicr.Christusuteosappellaretsuosdiscipulosfuturnm

82 556 176 624 'tinissa
188 577 234 614 non
243 569 303 614 filies
314 570 500 630 pharisaeorum
513 570 567 616 dein
580 572 669 616 obstare
681 571 742 631 quod
752 572 870 631 pharisaei
883 572 985 615 dicerent
1031 587 1035 598 ⁵

88 648 91 690 t
101 641 170 686 etiam
175 641 290 701 apostolos
296 642 400 702 potentia
405 642 525 688 daemonis
532 642 667 687 daemonem
675 641 756 687 eiicere
761 657 889 703 paremque
896 656 942 687 esse
950 656 983 685 ra-

99 712 185 757 tionem
195 713 219 758 in
228 713 338 771 magistro
355 718 378 758 et
391 714 510 773 discipulis
522 714 585 759 iuxta
598 713 657 758 iilud
670 730 674 760 ι
687 704 706 759 si
716 714 908 774 patremfamilias
919 714 984 758 Beel-

99 784 173 829 zebub
194 787 340 845 voeaverunt,
361 787 449 844 quanto
468 785 543 843 magis
563 784 697 844 domesticos
716 784 764 830 eius
785 784 871 845 (tlatth.
896 785 981 844 wne).

98 856 154 900 Dein
166 845 229 915 patet
240 858 404 914 argumentum
416 859 466 901 tum
477 871 525 902 esse
534 872 586 902 vere
599 857 678 901 efficax
690 855 710 902 si
720 856 748 901 de
763 856 880 901 exorcistis
888 857 984 901 Iudaeo·
1029 897 1030 900 ,

98 941 150 970 rum
160 924 271 989 procedit,
284 930 354 989 atque
364 928 393 973 de
403 929 431 974 iis
441 929 554 988 explicere
562 928 687 988 plerosque
695 928 836 985 recentiores
845 928 984 987 interpretes

98 991 150 1042 iam¹
159 998 230 1044 Melet.
248 998 303 1044 dicit
319 999 433 1061 (quamvis
445 1000 494 1060 ipse
505 1015 552 1045 non
566 1000 701 1060 consentiat)
718 1003 740 1044 et
753 1000 787 1044 ita
796 999 922 1059 ‘accipiunt
941 1001 983 1043 Tc·

97 1077 169 1113 stetur
186 1085 225 1129 qu.
245 1074 272 1114 δή
290 1065 320 1115 in
330 1085 381 1129 cap.
399 1076 435 1125 12,
458 1071 546 1115 Totctns
563 1071 588 1115 in
604 1075 655 1115 Luc.
675 1076 750 1125 lint),
771 1072 827 1114 nco.
844 1071 906 1115 Icns.
924 1072 980 1130 Lep.

98 1133 251 1199 Lancffillnc.
275 1140 337 1201 Bisp.
357 1131 460 1195 Reiecit,
483 1132 577 1200 Grtmnc,
598 1141 670 1197 Pdtzt,
689 1141 789 1198 Sedena,
812 1141 856 1185 Fit.
877 1166 906 1173 -
922 1141 980 1197 Keil,

102 1210 182 1267 Weisa
192 1211 236 1257 liet.
250 1214 268 1256 ll
280 1227 303 1271 p.
317 1215 360 1256 198
375 1216 418 1258 etc.
429 1212 494 1257 Unde
505 1226 556 1257 cum
566 1212 589 1256 in
600 1212 646 1257 suis
656 1212 775 1271 discipulis
785 1226 833 1256 non·
844 1212 984 1261 daemonem,
1008 1247 1011 1251 Δ

97 1296 165 1339 agere
179 1283 218 1327 sed
230 1284 268 1328 Dei
279 1284 387 1328 virtutem
403 1276 536 1341 agnoscant,
548 1283 598 1328 ictec
611 1283 656 1342 ipsi
669 1282 756 1328 iudices
769 1283 839 1328 castri
851 1283 982 1342 crunt,ipsi

97 1366 136 1396 vos
151 1352 226 1398 insani
240 1354 336 1399 convicii
353 1357 452 1412 arguent
468 1369 554 1413 vosque·
563 1345 756 1399 'condemnabunt
771 1369 823 1399 reos
835 1351 996 1414 turpissimae

98 1424 256 1470 contumeliae.
270 1443 280 1466 c
292 1425 410 1469 Pharisaei
419 1421 497 1485 itaque
513 1428 656 1471 coarctentur
665 1425 848 1486 interrogatione
861 1424 980 1484 prudenti,
1024 1460 1026 1464 ,

97 1497 122 1539 ut
132 1496 283 1541 confiteantur
296 1496 393 1556 Spiritus
403 1496 477 1541 sancti
487 1510 534 1541 esse
547 1501 614 1555 opus,
625 1496 706 1555 quodsi
717 1488 821 1556 expulsio
832 1497 980 1551 daemonum,

96 1564 179 1624 inquit,
189 1567 213 1610 in
227 1566 280 1611 filiis
295 1560 439 1621 vestris,lteo
453 1581 499 1611 nen
512 1566 662 1612 daemonibus
677 1567 809 1625 deputatur,
822 1581 893 1626 qnare
906 1567 930 1610 in
944 1581 981 1611 me

23 1650 27 1657 “
96 1635 157 1681 idem
168 1652 224 1697 opus
233 1652 281 1682 non
291 1637 389 1683 eandem
398 1637 483 1682 haheat
493 1641 515 1682 et
525 1652 616 1683 causam
629 1656 639 1679 u
650 1639 674 1683 S.
684 1638 785 1697 (Hier.)?
837 1685 838 1688 ,

61 1718 63 1720 ·
126 1708 148 1752 Si
164 1708 235 1765 igitur
249 1709 331 1767 negari
347 1709 428 1768 nequit
448 1723 461 1752 a
478 1708 565 1754 Christo
586 1708 636 1753 eiici
655 1710 778 1754 daemones
795 1709 821 1752 in
834 1708 921 1753 'virtute
940 1710 981 1755 Dei

97 1778 152 1837 qnid
167 1781 282 1839 sequitur?
298 1795 319 1825 v.
334 1782 363 1825 28
378 1779 399 1824 ei
413 1786 491 1825 cutem
504 1778 584 1839 aposta
595 1780 677 1839 spiritu
694 1779 750 1824 Dcc'l
765 1779 832 1824 ec'c'cio
848 1780 977 1840 dcenccnc‘r,

95 1849 167 1908 igituir
179 1850 282 1910 pervenit
296 1852 320 1895 iu
338 1865 377 1895 cos
391 1865 490 1911 regnum
506 1850 561 1908 Dec]
573 1850 673 1896 Christus
689 1851 751 1896 enim
767 1854 873 1897 satanam
892 1851 980 1911 ubique
1042 1880 1044 1882 -
1100 1877 1102 1882 ·

94 1922 245 1980 persequitur,
264 1937 316 1967 enm
331 1922 434 1982 expellit,
445 1922 571 1984 daemones
587 1922 617 1967 ad
635 1922 684 1980 eius
696 1922 853 1982 praesentiam
868 1926 978 1978 tremunt,

95 2007 147 2036 eum
163 1997 246 2049 rogant
265 2007 294 2037 ne
313 2007 336 2038 se
354 1995 471 2052 torqueat,
488 1993 600 2052 praedam
617 2008 681 2038 snam
699 1997 816 2051 coguntur
833 1994 977 2053 relinquere,

95 2078 149 2121 ergo
161 2067 265 2122 apertum
274 2067 308 2109 est
318 2078 397 2109 corum
407 2078 508 2121 regnum
518 2079 531 2107 a
542 2064 630 2135 Christo
640 2063 739 2118 destrui;
750 2066 807 2123 ergo
816 2064 904 2124 pariter
912 2080 979 2124 aper-

42 2179 44 2184 ,
93 2137 143 2179 tum
159 2137 191 2179 est
207 2149 304 2192 regnum
320 2135 361 2179 Dei
379 2135 456 2180 condi.
474 2136 600 2185 destruitur
616 2135 676 2179 enim
693 2135 789 2191 malum,
808 2138 833 2180 ut
850 2136 939 2180 bonnm
956 2139 979 2181 et
1037 2132 1039 2136 ’
1066 2131 1068 2136 ’

93 2206 153 2250 salus
163 2206 283 2251 hominnm
297 2206 461 2261 constituatur,
476 2206 567 2251 eiicitur
578 2207 683 2266 princeps
696 2206 766 2251 huius
780 2207 871 2263 mundi,
883 2211 908 2251 ut
920 2211 978 2252 Deus

93 2280 173 2334 regnet
183 2278 206 2320 in
220 2277 322 2322 omnium
333 2277 423 2321 animis.
436 2280 467 2320 llo
477 2267 538 2321 enim
552 2277 614 2337 quod
624 2277 724 2322 Christus
737 2277 823 2336 passim
834 2281 882 2322 tam
892 2278 977 2323 multos

92 2347 183 2392 eiiceret
197 2347 319 2393 daemones
332 2344 543 2404 demonstrabatur,
556 2351 580 2392 ut
595 2345 706 2405 ait'lcns',
718 2348 806 2393 diaboli
816 2349 916 2406 regnum
928 2350 977 2394 iam

77 2429 79 2434 ’
91 2433 149 2464 ncva
163 2421 185 2463 et
193 2419 284 2465 insolita
295 2419 383 2464 ratione
397 2419 484 2464 destrui
494 2434 521 2463 ac
532 2419 629 2478 proinde
641 2434 653 2463 e
666 2422 746 2464 contre
756 2419 796 2464 Dei
806 2434 907 2478 regnum
916 2436 976 2466 novo

91 2489 137 2534 iam
147 2479 216 2552 modo
226 2491 327 2551 incipere
341 2491 404 2551 apud
414 2491 528 2545 homines3
543 2490 626 2537 deinde
638 2491 764 2551 corporalis
778 2493 800 2537 et
809 2491 926 2536 sensibilis
935 2492 977 2538 illa
1008 2486 1010 2489 ’

91 2561 228 2605 daemonum
246 2563 326 2608 eiectio
345 2563 376 2607 ad
393 2563 437 2607 hoc
453 2562 531 2616 fiebat,
548 2566 573 2606 nt
590 2577 631 2622 per
652 2578 701 2614 eam
721 2577 802 2607 omnes
818 2563 977 2620 intelligerent

90 2633 165 2692 ipsum
175 2646 221 2677 esse
232 2647 285 2677 eum
301 2635 340 2693 qui
351 2626 380 2678 en¹
391 2633 475 2678 animis
485 2633 606 2693 hominum
616 2636 709 2679 venerat
721 2634 835 2678 eiecturus
851 2634 974 2679 daemones

90 2702 236 2748 dominantes
247 2718 288 2762 per
306 2706 426 2765 peccatum
444 2703 561 2747 mentibus
574 2704 701 2764 hominum,
719 2718 745 2747 ac
763 2704 792 2746 oh
809 2702 834 2745 id
852 2702 922 2747 in-iert
939 2719 975 2748 re-

90 2788 161 2831 gnum
177 2775 216 2819 Dei
228 2774 314 2819 venisse
328 2774 389 2834 (sim.
409 2775 512 2818 Testatus
526 2790 563 2833 qu.
581 2775 625 2830 65).
640 2777 746 2818 Ceterum
762 2775 796 2817 est
811 2788 905 2833 quoque
921 2776 975 2820 rab-

73 2844 194 2889 ³bincrum
209 2846 314 2891 doctrina
331 2837 389 2904 epus
408 2845 497 2889 llessiae
521 2859 567 2889 esse
589 2844 721 2889 eiectionem
743 2844 886 2906 daemonum
907 2850 929 2890 et
950 2848 976 2891 in

110 2967 124 2996 1.
134 2962 211 2996 Ridicule
220 2966 318 2999 Hittnccnn
328 2964 346 2998 in
357 2964 395 2998 istis
408 2964 465 2997 reclus
478 2964 599 3005 argumentum
611 2962 687 2996 exhiheri
700 2963 762 2997 asserit
772 2965 834 2997 contra
843 2963 888 2997 illud
897 2964 943 3006 qued
954 2966 975 2999 dc

90 3016 157 3050 christo
169 3017 267 3059 profitemur
278 3031 282 3050 :
292 3022 388 3062 conceptus
398 3018 419 3053 tle
430 3016 495 3060 Spiritu
506 3017 570 3050 sancto.
582 3017 607 3050 Ita
617 3016 660 3050 enlm
668 3016 723 3060 arguit
734 3030 738 3051 ε
749 3018 769 3051 tn
778 3017 848 3061 spiritu
857 3018 890 3051 Det
901 3026 975 3060 prorsus

74 3063 75 3066 ¹
88 3069 187 3111 parallelum
195 3073 219 3103 est
228 3069 276 3104 alteri
286 3073 382 3106 sententiae
391 3074 412 3105 in
421 3071 527 3110 necaretur
535 3070 582 3113 etqui
592 3069 679 3104 Beelzebul
689 3072 715 3105 cst
721 3071 784 3114 aliquis
793 3071 845 3113 plene
854 3073 903 3105 extra
910 3072 965 3106 lesum

88 3126 194 3159 constitutus
205 3125 235 3167 qul
245 3123 292 3156 nullo
302 3125 354 3158 modo
365 3128 404 3160 Iesu
414 3128 493 3159 naturam
506 3124 606 3166 ingreditur,
618 3133 657 3167 ergo
667 3125 718 3159 etiem
729 3125 801 3168 spiritus
811 3124 842 3158 Dei
853 3126 879 3158 est
888 3124 914 3158 vis
923 3134 975 3169 quae-

88 3181 128 3213 dam
137 3180 185 3212 extra
195 3178 251 3220 ipsum
261 3178 364 3219 consistens,
375 3180 393 3212 id
404 3179 451 3222 quod
461 3180 497 3213 fieri
508 3187 543 3213 nan
553 3179 609 3221 posset
618 3178 632 3211 si
642 3181 686 3213 esset
697 3177 790 3222 conceptus
798 3178 819 3211 de
835 3178 902 3221 Spiritu
914 3177 978 3215 sancto.

88 3233 131 3266 Vide
140 3232 244 3267 Jcnrntcher
254 3232 281 3265 fiir
291 3234 362 3275 protest.
374 3232 465 3275 Theologic
476 3236 514 3267 1891
526 3243 541 3276 p
551 3236 588 3267 ¹249.
595 3226 704 3268 Praeclaram
714 3242 755 3268 sene
766 3232 940 3274 argumentationem!
