2239 3511
143 209 180 248 106
286 233 288 238 .
417 240 422 246 ,
500 209 576 238 ararru.
594 199 612 262 l,
629 201 660 239 aa.

141 299 258 352 prudentis,
270 287 325 340 cedit
338 301 447 350 postremo
462 298 486 337 in
499 298 637 349 ignominiam
656 299 723 350 ipsius
737 297 892 347 Christicolas
906 298 973 350 gloria
987 299 1019 337 est

141 367 219 406 habere
230 367 320 404 matrem
333 364 445 416 gloriosam
458 366 479 403 et
492 365 574 415 patrem
584 363 704 415 putativum
715 363 782 415 pium,
793 360 926 415 prudentem,
939 363 1017 415 glorio-

140 442 214 470 sum».
227 432 281 470 Num
295 429 366 480 itaque
382 429 407 468 ad
421 439 468 469 eam
482 428 608 468 accedemus
624 440 665 480 qua
679 428 779 469 statuitur
794 429 836 468 iam
850 430 875 469 ad
890 431 910 469 ε.
922 429 946 468 18
961 429 1018 467 Ιοεθ-

139 495 207 547 phum
221 495 350 547 comperisse
366 491 526 546 conceptionem
540 494 616 535 tactam
631 494 656 534 de
670 494 749 547 Spiritu
763 495 848 534 saneto?
861 494 902 535 Sed
916 493 1018 547 prohibe-

139 573 188 601 mur
200 574 220 601 ν.
233 562 257 601 aa
272 563 293 601 et
306 561 337 600 ab.
353 561 424 612 Neque
439 560 459 600 id
471 572 523 612 opus
538 563 576 600 est.
586 560 676 601 Mediam
693 559 799 612 quandam
813 559 868 599 viam
882 572 936 611 [patae
953 571 992 600 nec
1006 571 1018 598 a

138 627 217 678 pietate
228 638 288 667 neca
298 626 385 666 veritate
396 626 466 666 iudice
475 624 540 666 iliata.
553 626 647 667 discedat
655 626 697 666 iam
711 625 805 666 ostendit
815 624 837 665 S.
848 624 908 664 Hier.
920 625 942 664 in
952 625 973 664 h.
985 625 1000 663 lL
1011 637 1015 664 :

139 692 266 743 «quomodo
277 692 354 744 Ioseph
368 703 416 732 cum
429 692 509 732 crimen
520 693 575 733 celet
588 692 660 732 uxoris
674 692 743 732 iustus
757 691 869 731 scribitur?
883 690 921 731 sed
934 690 975 730 hoc
984 692 1017 729 te-

138 758 266 798 stimonium
274 758 350 799 Mariae
360 760 391 798 est
399 757 455 809 quod
462 758 538 810 Ioseph
544 759 613 799 sciens
624 758 682 798 illius
690 758 807 798 castitatem
815 759 836 797 et
843 757 951 797 admirans
958 755 1016 807 quod

138 827 238 864 evenerat
249 824 302 864 celat
313 824 397 864 silentio
408 823 470 863 cuius
480 824 605 875 mysterium
615 824 751 864 nesciebat».
762 825 788 863 Et
798 823 896 863 similiter
907 822 984 875 legitur
994 821 1015 860 in
1050 830 1052 834 ’

137 900 170 941 op.
182 889 232 941 bap.
247 901 274 928 s«
290 901 301 928 o
317 887 476 928 inaestimabilis
491 889 537 927 laus
554 889 640 928 Mariael
659 889 727 940 magis
744 889 843 940 credebat
861 888 952 928 castitati
970 887 1015 927 eius

90 1007 91 1010 Ἴ
136 965 199 1005 quam
210 956 270 998 utero
288 954 332 993 eins
350 956 371 993 et
383 953 431 1005 plus
446 953 524 1005 gratiae
539 965 602 1005 quam
615 956 710 994 naturae.
722 954 887 1005 conceptionem
902 953 1015 993 manifeste

135 1019 222 1059 videbat
235 1021 256 1059 et
269 1018 432 1058 fornicationem
448 1019 552 1071 suspicari
563 1031 604 1059 non
615 1021 707 1071 poterat,
719 1018 843 1071 possibilius
856 1029 902 1058 esse
915 1018 1015 1057 credebat

135 1085 248 1124 mulierem
260 1085 306 1124 sine
316 1083 361 1124 viro
372 1096 433 1136 posse
443 1085 554 1136 concipere
566 1096 630 1136 quam
641 1084 726 1140 Mariam
740 1096 802 1136 posse
813 1095 899 1136 peccare
912 1099 921 1120 n
934 1081 968 1136 (ll,
980 1084 1012 1130 bb,
1031 1123 1032 1127 ,

108 1148 228 1200 ’633).Εῖ
241 1140 263 1190 SJ
274 1148 349 1189 Petras
361 1147 506 1203 Cltrpaolopns,
519 1148 582 1189 serm.
596 1151 633 1189 tib
648 1148 683 1202 (M.
696 1149 777 1202 5Q588)
789 1150 819 1189 ita
831 1150 967 1201 loquiturza
978 1160 1013 1188 ae·
1057 1206 1059 1210 y
1095 1131 1102 1208 η’

134 1215 216 1255 stuabat
224 1214 308 1255 animus
319 1217 402 1255 sanctus
410 1215 490 1267 negotii
499 1215 592 1254 novitate
600 1215 718 1267 perculsus,
727 1215 795 1254 stabat
803 1225 879 1267 sponsa
885 1225 1012 1266 praegnans,

134 1281 171 1320 sed
184 1280 254 1332 virg03
263 1281 332 1320 stabat
345 1280 407 1332 plena
419 1281 514 1332 pignore,
526 1280 563 1320 sed
575 1292 618 1320 non
626 1292 692 1320 vacua
702 1280 784 1332 pudore
788 1292 796 1332 ;
808 1280 876 1320 stabat
886 1280 912 1319 de
923 1290 1013 1331 concep-

132 1348 156 1385 tu
167 1346 265 1394 sollicita,
275 1346 312 1387 sed
326 1346 352 1386 de
363 1346 482 1397 integritate
493 1357 577 1393 secura;
590 1346 657 1385 stabat
668 1346 746 1385 vestita
756 1348 852 1385 materno
863 1357 960 1394 munere,
973 1344 1010 1384 sed

132 1423 174 1451 non
183 1412 263 1450 honore
273 1411 400 1462 virginitatis
411 1411 500 1451 exclusa.
510 1411 604 1461 Sponsus
616 1411 668 1463 quid
678 1410 792 1456 taceretad
803 1411 857 1451 ista‘l
866 1413 975 1451 accusaret
985 1410 1011 1449 de

132 1476 236 1516 crimine?
249 1478 286 1516 sed
300 1479 344 1515 erat
358 1476 403 1528 ipse
415 1476 548 1516 innocentiae
561 1477 631 1525 testis;
647 1477 730 1528 culpam
745 1477 837 1517 diceret?
851 1477 887 1516 sed
905 1479 950 1516 erat
966 1476 1012 1527 ipse

131 1544 203 1582 custos
218 1542 320 1594 pudoris;¹
330 1544 415 1593 urgeret
432 1542 574 1582 adulterium?
589 1542 626 1581 sed
642 1544 686 1581 erat
703 1542 748 1593 ipse
765 1542 892 1594 virginitatis
909 1543 1008 1581 assertor.

82 1628 84 1630 -
131 1606 183 1653 Quid
194 1606 273 1647 iaceret
282 1607 309 1646 ad
321 1607 373 1646 ista?
384 1607 462 1659 cogitat
472 1607 587 1655 dimittere,
601 1607 650 1659 quia
662 1619 705 1647 non
715 1610 798 1659 poterat
811 1607 845 1647 vel
859 1607 909 1647 ioris
920 1607 1011 1659 prodere

130 1673 162 1712 vel
176 1672 235 1712 intus
249 1672 304 1724 quod
318 1676 418 1713 evenerat
432 1673 550 1720 conttnere3
564 1672 641 1724 cogitat
655 1672 762 1729 dimittere
772 1675 800 1722 et
817 1673 869 1713 dicit
884 1674 927 1712 Deo
941 1675 1011 1712 totum

129 1738 180 1793 quia
190 1738 246 1789 quod
256 1737 338 1777 homini
349 1738 429 1778 diceret
438 1750 481 1778 non
492 1738 585 1777 habebat
593 1753 611 1776 a.
621 1738 689 1778 Verba
699 1740 771 1778 tamen
785 1738 854 1790 angeli
869 1738 898 1777 ita
911 1738 1009 1789 explicat,

129 1804 189 1854 quasi
203 1803 279 1854 loseph
294 1803 375 1843 crimen
388 1803 416 1843 sit
431 1803 564 1855 suspicatus:
579 1819 588 1840 a
601 1803 643 1842 noli
658 1802 743 1851 timere,
755 1815 818 1855 quam
827 1803 884 1843 vides
895 1803 964 1843 virtus
976 1805 1008 1843 est

128 1868 174 1917 ista,
185 1880 229 1908 non
239 1868 329 1916 crimem
340 1868 374 1907 hic
384 1880 427 1908 non
437 1868 542 1908 humanus
553 1869 625 1920 lapsus
634 1871 672 1916 est,
682 1863 719 1908 sed
730 1871 761 1908 est
772 1868 855 1908 divinus
865 1868 965 1920 illapsus3
974 1869 1010 1908 hic

126 1934 248 1985 praemium
259 1936 297 1982 est,
309 1945 351 1973 non
362 1937 444 1983 reatus;
456 1934 490 1973 hic
500 1935 656 1974 incrementum
669 1934 722 1973 coeli
733 1936 770 1982 θεῖ,
783 1946 825 1973 non
836 1934 931 1986 corporis
942 1934 1007 1974 detri-

127 2001 225 2039 mentum
238 2014 248 2035 »
260 2001 300 2039 etc.
315 1999 416 2039 Similiter
433 2011 518 2051 quoque
536 1998 558 2039 S.
570 1998 643 2038 Posala.
657 2012 664 2039 5
676 2014 685 2035 n
697 1999 733 2039 sed
749 2000 799 2051 quid
817 2000 844 2040 sit
860 2000 916 2052 quod
931 2000 1007 2051 loseph

126 2066 183 2104 recte
193 2064 262 2104 iustus
272 2067 367 2113 vocatur,
378 2065 414 2116 qai
427 2077 470 2104 non
483 2064 547 2104 modo
560 2064 663 2105 castitatis
677 2076 720 2104 non
732 2065 854 2104 accenditur
868 2066 1007 2116 zelaverunt

125 2140 166 2169 nec
175 2140 261 2169 causam
274 2130 372 2180 exquirit,
384 2129 473 2180 pudoris
485 2130 558 2181 utique
572 2131 648 2169 Mariae
659 2133 692 2169 ost
705 2130 854 2169 testimonium
869 2142 932 2180 quam
946 2131 1008 2170 inno-

125 2197 208 2235 centem
218 2197 311 2243 noverat,
324 2198 348 2234 ut
359 2206 405 2234 eam
416 2195 518 2234 servando
530 2195 599 2234 iustus
610 2195 679 2234 valeat
690 2195 816 2246 appellari...
829 2207 876 2235 eam
890 2196 1003 2235 traducere

124 2260 210 2300 nolebat
218 2260 244 2300 ad
251 2272 350 2312 poenam,
359 2261 381 2299 in
389 2272 432 2311 qua
439 2262 525 2300 noverat
535 2273 578 2300 non
587 2272 632 2300 esse
643 2260 761 2300 traditionis
772 2261 908 2301 infamiam...
921 2262 1004 2301 iustum

124 2325 202 2365 fuitne
215 2337 261 2365 eam
277 2326 322 2377 ipse
333 2326 454 2366 traduceret
465 2327 514 2378 quia
528 2326 631 2366 castitatis
646 2326 691 2366 eius
705 2318 801 2366 conscius
813 2330 858 2366 erat
868 2343 887 2366 a.
899 2327 971 2367 Etiam
982 2328 1005 2366 in

124 2390 198 2430 Glossa
205 2391 409 2443 ordinarialegitur:
419 2407 428 2428 a
435 2391 514 2437 sciebat
521 2392 579 2431 illam
587 2403 632 2431 esse
641 2392 799 2442 inculpabilem,
806 2392 842 2431 sed
848 2391 905 2431 unde
911 2393 945 2431 vcl
952 2393 1002 2443 quid

124 2459 180 2495 esset
187 2457 297 2507 ignorabat
305 2471 314 2492 a
323 2455 358 2508 (lli.
369 2455 459 2509 tiata).
468 2457 563 2496 Eandem
571 2456 701 2496 sententiam
711 2457 810 2508 proponit
819 2455 909 2510 Haymo,
920 2458 1003 2510 episco-

123 2533 162 2572 pus
173 2521 354 2568 halberstatensis,
367 2521 424 2560 hom.
436 2521 479 2560 8in
492 2521 568 2573 vigiliis
582 2522 646 2561 nativ.
657 2523 680 2561 h.
692 2533 696 2560 :
709 2537 718 2557 a
730 2534 777 2561 nam
789 2525 809 2562 et
822 2522 843 2561 in
855 2523 910 2566 Isaia
922 2524 1004 2575 legerat

123 2586 227 2638 virginem
241 2587 266 2627 de
281 2587 345 2626 domo
360 2587 427 2626 David
443 2599 487 2626 esse
502 2592 652 2639 concepturam
671 2590 691 2628 et
707 2588 825 2639 parituram
839 2590 906 2629 Deum
921 2589 946 2628 de
962 2601 1002 2641 qua

122 2653 186 2692 etiam
198 2652 261 2692 domo
272 2655 434 2704 noveratgenus
447 2652 532 2693 duxisse
544 2654 638 2701 Mariam,
650 2656 713 2705 atque
724 2653 771 2694 ideo
782 2666 824 2694 non
836 2654 969 2694 discredebat
980 2655 1002 2695 in

122 2729 147 2757 ca
157 2718 291 2769 prophetiam
304 2718 359 2758 banc
375 2718 439 2758 luisse
453 2719 621 2771 complendam»
635 2719 669 2771 (ll.
682 2719 763 2773 traua)
777 2721 902 2760 etiterum:
916 2735 926 2756 <r
937 2732 1001 2771 quae·

120 2783 181 2830 ritur,
192 2783 209 2821 si
219 2784 305 2823 inventa
316 2787 346 2823 est
358 2796 370 2823 a
383 2784 459 2836 loseph
472 2785 552 2829 habens
563 2785 589 2824 de
600 2785 680 2836 Spiritu
690 2788 769 2834 sancto,
782 2798 820 2826 cur
830 2785 941 2825 dimittere
953 2798 1000 2826 eam

122 2848 202 2886 voluit?
212 2848 259 2888 ideo
270 2849 351 2889 scilicet
360 2850 410 2901 qrria
421 2862 459 2889 nec
467 2853 535 2890 toturn
546 2851 615 2897 scivit,
628 2863 667 2891 nec
675 2853 743 2891 totum
754 2851 866 2902 ignoravit.
875 2853 968 2892 Noverat
975 2854 996 2893 in

120 2915 179 2952 utero
193 2912 313 2962 habentem,
325 2927 369 2955 non
383 2916 409 2960 de
424 2916 501 2955 carnali
516 2917 638 2965 concubitu,
651 2917 687 2956 sed
704 2917 794 2968 spiritali
810 2917 897 2971 virtute3
915 2918 940 2958 de
955 2931 998 2969 quo

118 2990 168 3018 vero
180 2978 256 3030 spiritu
268 2981 389 3032 conceperit
401 2982 526 3033 ignorabat»
537 2982 550 3021 l.
562 2994 579 3022 c.
590 2984 621 3022 5⁶2.
634 2982 749 3034 losephum
759 2994 802 3022 non
813 2983 914 3024 habuisse
928 2985 998 3035 suspi-

118 3044 202 3084 cionem
218 3044 283 3084 etiam
300 3045 320 3096 b.
335 3045 380 3085 Alb.
397 3047 509 3097 existimat,
524 3063 533 3083 a
550 3048 599 3099 quia
616 3048 715 3088 credebat
731 3049 855 3099 possibilius
877 3062 923 3090 esse
941 3051 997 3101 qaod

116 3110 173 3161 virgo
183 3111 318 3162 concepisset
330 3122 393 3163 quam
405 3113 461 3163 quod
475 3113 532 3153 netas
544 3114 764 3166 perpetrassemus&
776 3116 840 3155 etiam
852 3116 925 3155 addit:
936 3132 945 3152 a
957 3129 995 3168 po-

115 3177 157 3216 test
170 3179 242 3216 tamen
257 3177 320 3217 etiam
335 3175 375 3217 dici
392 3179 510 3218 secundum
526 3179 578 3219 alios
596 3179 652 3231 quod
666 3178 733 3220 iustus
748 3181 769 3220 in
786 3181 856 3220 dubiis
870 3193 912 3221 non
925 3183 996 3222 statim
