2211 3575
469 246 547 277 irinc.
564 236 583 285 a,
600 236 632 275 aa
715 207 755 240 ”
819 261 821 266 -
956 236 1002 279 asc

110 338 135 381 in
146 336 228 381 Christi
237 338 342 394 Ecclesia,
353 338 510 384 admonendus
520 341 553 383 est
562 341 587 383 ut
593 336 668 382 studio
678 336 790 381 virtutum
802 346 868 377 omne
876 323 993 376 removeat

110 407 300 467 impedimentum
314 411 401 468 gratiae
413 425 454 470 per
467 424 537 469 quam
552 424 605 454 eum
620 413 678 454 Deus
692 409 761 453 ducat
770 406 799 451 ad
810 401 992 463 cognoscendam

111 478 229 524 veritatem
241 478 290 539 (pro
300 496 326 526 ea
335 481 433 526 lectione
443 482 471 527 cf.
484 486 533 534 5,6.‘
544 486 579 525 10.
595 485 633 533 303
647 482 702 536 θ,1).

69 545 73 552 ’
145 550 226 593 lterata
239 551 359 595 assertione
370 551 469 595 Christus
479 566 501 595 v.
515 554 542 594 33
552 550 708 594 affirmaverat
717 553 787 594 Deum
797 549 842 592 suis
855 562 901 593 esse
910 545 986 606 provi-

116 633 202 665 surum.
217 621 279 665 Unde
292 622 333 666 rite
348 622 418 666 infert
433 620 532 680 (rediens
544 620 575 665 ad
584 636 605 663 v.
618 619 656 678 25)
667 634 689 663 v.
705 624 733 665 3h
747 619 816 664 nolite
832 633 882 678 erpo
896 616 988 662 solliciti

116 705 160 735 esse
170 691 194 735 dc
205 693 339 748 crastinam,-
353 706 449 751 eamque
458 691 627 735 conclusionem
637 690 725 751 duplici
734 691 822 735 ratione
834 690 902 733 etiam
912 688 986 746 magis

114 761 215 807 inculcat
228 766 249 808 ct
265 764 333 808 modo
350 762 448 821 quodam
464 762 571 822 populari
584 761 694 822 loquendi
712 761 834 821 persuadet
852 776 857 804 :
874 759 986 805 crastinus

117 833 176 877 enirn
187 832 351 893 diessollr'cz'tus
364 832 462 878 eritsidr'
473 833 529 892 r'psr',
539 848 604 892 suam
617 833 688 893 ipsius
701 832 779 877 curam
790 831 885 877 habebit
898 831 987 890 sibique
1021 874 1023 877 ,

0 888 14 934 st
50 947 52 951 ,
116 918 171 948 cura
184 908 255 948 suaet
267 905 417 949 sollicitudine
431 904 568 965 providebit.
583 907 626 949 Per
636 904 826 965 prosopopoeiam
838 917 912 948 sermo
922 902 948 946 fit
959 900 987 944 de
1002 947 1004 951 ,

116 974 152 1019 die
170 977 276 1037 crastino.
294 979 320 1020 Et
335 991 387 1021 eum
404 975 501 1021 addatur
514 975 599 1035 sufficit
618 975 665 1020 dcci
675 975 765 1020 neultra
781 990 823 1020 saca
838 976 854 1019 i.
872 990 892 1019 e.
909 973 984 1027 labor,

93 1048 95 1053 ’
116 1047 219 1102 afflictio,
237 1063 291 1092 cura
306 1047 432 1093 necessaria
446 1041 561 1106 (σνντρνθθ,
575 1043 793 1106 adrosa-Taepa,
811 1046 908 1106 μέριμνα,
926 1042 988 1092 κόπος
1042 1052 1043 1055 ’

116 1118 204 1178 Erech),
220 1106 245 1162 eo
257 1120 306 1177 ipso
320 1118 434 1169 indicatur
448 1118 513 1161 nobis
523 1110 672 1173 incumbere,
683 1121 708 1162 ut
719 1118 849 1162 laboremus
862 1109 985 1178 prosrebus

116 1189 245 1233 necessariis
260 1189 356 1246 singulis
371 1189 460 1244 diebus,
478 1192 507 1233 ut-
518 1203 597 1233 curam
612 1189 640 1233 iis
650 1189 802 1233 necessariam
817 1188 984 1248 impendamus.
1033 1180 1035 1183 ’

115 1259 158 1304 Sed
172 1274 224 1304 cum
240 1263 329 1304 moneat
344 1259 446 1304 sufficere
462 1273 527 1304 suam
540 1259 621 1319 cuique
638 1259 683 1304 diei
693 1274 772 1304 curam
788 1262 810 1303 et
827 1260 984 1313 afflictionem,
1025 1270 1027 1275 ’

118 1349 128 1371 c
138 1331 266 1388 significare
276 1331 347 1375 voluit
353 1345 405 1375 eum
415 1330 455 1390 qui
462 1330 491 1375 de
501 1331 598 1375 crastino
607 1334 640 1375 est
646 1330 754 1375 sollicitus
763 1332 863 1390 'seipsum
872 1330 986 1391 superfluo

115 1404 138 1444 et
150 1401 220 1445 nimio
234 1416 341 1446 curarum
356 1416 424 1446 onere
433 1416 547 1462 premere,
561 1416 612 1446 cum
626 1416 695 1461 supra
706 1402 852 1447 afflictionem
860 1400 986 1462 praesentis

115 1545 175 1589 tione
185 1560 231 1589 non
241 1545 268 1588 sit
284 1544 375 1589 alterius
387 1544 432 1588 diei
444 1559 513 1588 onera
524 1544 626 1594 facturus
634 1544 722 1589 leviora
736 1562 747 1585 ν
760 1544 848 1605 (loris).
861 1549 905 1590 Sua
914 1545 986 1602 igitur

115 1616 267 1675 prohibitione
281 1616 348 1659 etiam
364 1629 429 1660 suam
442 1630 497 1672 erga
511 1630 551 1659 nos
565 1615 708 1660 dilectionem
721 1616 861 1673 manifestat,
880 1631 932 1660 eum
945 1630 985 1659 nos

115 1686 144 1730 ab
154 1687 228 1731 inutili
241 1676 296 1730 eura
309 1689 331 1730 et
344 1686 465 1730 afflictione
476 1686 561 1731 liberos
575 1701 622 1731 esse
636 1686 697 1730 velit.
716 1689 772 1731 Num
787 1688 864 1745 itaque
875 1688 948 1731 omnis
960 1688 984 1730 in

114 1757 216 1808 futurum
230 1772 283 1801 cura
299 1772 324 1801 ac
337 1756 463 1801 sollicitudo
476 1757 626 1815 prohibetur?
643 1758 744 1813 Minimc3
759 1772 813 1801 nam
827 1759 874 1817 ipse
885 1759 985 1802 Christus

116 1829 233 1884 concessit,
251 1830 276 1872 ut
292 1828 377 1872 loculos
393 1828 489 1872 haberet
505 1840 564 1871 unus
582 1827 610 1872 de
626 1828 743 1887 apostolis,
762 1828 845 1887 quibus
863 1828 942 1888 utique
961 1829 986 1873 in

115 1900 216 1944 futurum
232 1899 405 1959 providebatur;
421 1899 515 1958 apostoli
528 1899 668 1943 adfuturam
680 1899 764 1943 famem
777 1914 891 1944 annonam
903 1914 986 1960 paran-

115 1970 168 2015 dam
186 1973 293 2028 curarunt
312 1970 369 2030 (Act.
388 1969 473 2030 thath
495 1970 602 2014 similiter
617 1970 724 2030 Iosephus
742 1970 766 2013 in
784 1973 886 2030 Aegypto
902 1986 986 2029 magna

114 2042 248 2101 prudentiae
255 2040 323 2085 laude
329 2041 354 2085 in
362 2042 504 2100 septennium
512 2044 560 2085 erat
567 2041 676 2086 sollicitus
686 2045 707 2086 et
715 2041 868 2087 Salomcnncs
878 2042 986 2087 amandat
1006 2034 1013 2046 ’

115 2114 145 2174 ad
154 2113 283 2168 formicam,
294 2116 319 2156 ut
329 2105 440 2156 discamus
451 2112 555 2156 laborare
564 2126 606 2171 pro
618 2112 695 2156 futuro
707 2112 781 2172 (Prov.
795 2117 832 2167 6,ss
841 2128 886 2173 seq.
900 2113 983 2172 3025).

116 2186 175 2234 Quae
185 2188 238 2228 vero
249 2183 375 2227 sollicitudo
383 2183 539 2242 prohibeatur,
553 2183 618 2227 facile
629 2192 655 2227 er
665 2186 712 2227 toto
723 2185 767 2228 hoc
779 2184 851 2244 capite
862 2184 984 2241 colligitur.

115 2258 145 2299 Ea
156 2255 204 2299 scil.
216 2255 352 2313 prohibetur
361 2269 419 2312 quae
432 2253 529 2313 impedit
539 2255 661 2312 quominus
674 2255 784 2298 iustitiam
800 2259 919 2310 sectemur,
933 2257 948 2299 i.
964 2270 991 2314 e„
1042 2306 1044 2310 Α

114 2326 187 2370 studio
197 2326 320 2386 praecipuo
332 2325 439 2369 mandata
450 2325 489 2368 Dei
501 2325 647 2370 observemus
661 2327 683 2369 et
692 2325 815 2369 virtutibus
828 2331 917 2371 nostrae
931 2341 985 2371 con-

115 2397 194 2442 ditioni
203 2396 332 2441 necessariis
339 2410 431 2455 operam
442 2395 531 2451 denrus;
544 2395 598 2439 dein
609 2411 635 2440 ea
644 2411 703 2455 quae
710 2397 812 2441 nascitur
822 2412 848 2441 ex
858 2397 986 2442 diffidentia

115 2469 221 2513 adversus
235 2471 317 2523 Deum,
330 2467 422 2511 demum
433 2482 459 2511 ea
474 2482 532 2527 quae
543 2468 660 2527 praecedit
672 2461 849 2513 sollicitudinem
864 2471 932 2527 regni
946 2470 984 2513 Dei

115 2540 176 2599 quod
186 2541 258 2599 primo
266 2539 315 2583 loco
326 2544 434 2598 quaerere
447 2538 556 2582 debemus
571 2538 673 2598 (llfald.)¹
982 2539 984 2544 ’

343 2677 366 2719 a)
381 2678 463 2711 contra
475 2677 560 2712 iudicia
572 2679 658 2712 acerba
670 2679 691 2721 θ,
707 2678 751 2712 1-6,

138 2781 173 2821 7,1.
185 2779 334 2813 Noliteiudtcarc
345 2778 410 2811 utnon
420 2777 534 2811 indicemini.
586 2779 621 2817 7,l.
639 2775 668 2819 llll
683 2776 745 2822 κρίνετε
761 2775 790 2810 ‘tva
806 2775 828 2823 μὴ
845 2778 920 2824 κριθῆτε.
938 2782 955 2816 θ.
969 2780 985 2817 ἐν

114 2839 130 2872 2.
141 2840 208 2883 Inque
220 2838 346 2872 euimiudlcio
359 2837 493 2882 iudicaveritis,
505 2838 535 2870 iu-
559 2833 573 2881 ᾧ
587 2834 618 2881 γὰρ
628 2834 695 2881 κρίματι
707 2836 769 2886 κρίνετε
784 2835 881 2882 κριθήσεσθε
897 2838 925 2874 καλ
940 2838 957 2875 ἐν
973 2839 987 2888 ᾧ

113 2897 226 2938 dicabimini,
245 2899 263 2931 ct
283 2899 302 2931 in
318 2906 355 2941 qna
370 2904 456 2929 mensura
475 2896 534 2928 mensi
560 2894 614 2940 μέτρῳ
635 2894 709 2940 μετρεῖτε
731 2887 852 2941 μετρηθήσεται
872 2896 918 2943 ὑμῖν.
939 2901 955 2934 θ,
971 2901 988 2934 τί

113 2956 191 2997 fueritis,
201 2958 307 2990 remetietur
317 2957 375 2990 vobis,
388 2956 403 2989 3.
415 2955 462 2995 Qviid
472 2957 534 2988 autem
559 2950 576 2986 δὲ
587 2947 679 2998 pransura
693 2953 754 3000 κάρφος
769 2953 788 2988 τὸ
804 2954 821 2989 ἐν
830 2959 854 3003 τῷ
866 2954 948 3005 ὀφθαλμῷ
957 2962 986 2993 τοῦ

112 3016 163 3050 vides
173 3017 262 3049 festucam
272 3016 291 3047 in
300 3016 353 3049 oculo
363 3015 424 3049 fratris
434 3016 460 3048 tui
470 3015 488 3048 et
497 3014 533 3048 tra·
558 3010 630 3059 ἀδελφοῦ
641 3025 681 3056 σου,
695 3012 724 3056 τὴν
738 3013 756 3047 δὲ
766 3012 782 3047 ἐν
794 3018 817 3062 τῷ
830 3018 855 3062 σῷ
865 3014 944 3064 ὀφθαλμῷ
957 3018 987 3052 δο.

112 3073 153 3107 bcm
163 3077 182 3108 in
191 3075 244 3108 oculo
252 3076 284 3107 tuo
293 3082 331 3107 non
340 3075 402 3108 vides?
413 3074 429 3108 l.
442 3075 478 3108 Aut
488 3083 533 3118 quo·
558 3068 587 3106 κόθ
601 3071 619 3106 οὐ
629 3073 725 3115 κατανοεῖς;
738 3075 755 3107 l.
766 3073 776 3116 ἢ
790 3077 824 3115 πῶς
836 3074 877 3122 ἐρεῖς
886 3079 910 3124 τῷ
918 3076 984 3124 ἀδελφῷ

112 3133 167 3167 modo
177 3134 222 3167 <licis
232 3133 283 3166 fratri
291 3136 323 3166 tuo
338 3142 341 3165 ι
355 3134 404 3174 sine,
421 3135 493 3167 ettotam
503 3134 531 3168 fe·
558 3141 593 3166 ccc·
603 3131 641 3178 ἄφες
654 3130 719 3167 little
729 3133 748 3167 τὸ
757 3133 816 3180 κάρφος
826 3133 844 3169 ἐκ
853 3137 882 3169 τοῦ
897 3136 982 3183 ὀφθαλμοῦ

111 3194 182 3226 stacam
190 3194 212 3227 de
222 3193 275 3242 oculo
285 3195 324 3232 tuo,
334 3192 353 3224 ct
363 3200 405 3225 ecce
414 3193 464 3227 trabs
473 3195 501 3228 cst
513 3195 533 3227 in
558 3205 593 3235 ocu,
604 3191 633 3227 καὶ
648 3190 683 3226 aa
699 3192 709 3236 ἡ
726 3193 772 3234 θτκθς
784 3192 800 3228 ἐν
815 3197 839 3241 τῷ
855 3193 935 3242 ὀφθαλμῷ
948 3208 984 3231 σου.

323 3246 325 3250 ’
372 3253 607 3289 Ilusouuusurumlfnrru.
621 3256 703 3290 1.-1r.
915 3242 916 3247 ¹
