2239 3511
121 225 159 265 33⁶2
333 226 336 232 ⁶
460 230 533 259 aaaron.
550 220 569 267 6,
585 220 654 259 22-024.

118 320 161 364 tibi
172 318 272 373 videtur,
288 319 363 362 dicere
383 317 477 362 debebis
490 320 540 377 ipsa
556 319 599 362 hac
615 302 670 363 voce
687 318 735 362 ianr
753 317 851 362 indicari
868 330 995 363 sermonem
1053 306 1055 311 ’

119 390 299 449 metaphoricum
316 390 515 448 etparabolicum;
531 390 579 435 scil.
591 405 638 434 non
655 389 682 434 de
696 390 761 434 00010
776 389 913 434 sententiam
928 388 992 443 terri,

118 460 157 505 sed
176 476 213 505 cor
230 477 252 505 v.
271 466 298 506 21
316 461 431 518 designari
443 462 505 521 qood
519 461 538 506 si
552 462 667 519 integrum
685 464 707 506 et
727 476 810 521 purum
825 460 894 506 fuerit
907 460 956 504 lore
970 461 994 502 ut
1033 476 1036 482 ¹

58 522 59 525 ¹
119 533 307 578 omneshominis
326 534 425 578 actiones
446 534 489 578 sint
509 534 596 593 pariter
615 548 688 592 purae
709 535 731 577 et
748 534 859 591 integrae.
880 535 993 585 quocum-

118 619 161 663 que
174 604 242 649 modo
252 619 330 649 vocem
344 606 468 665 acceperis,
483 604 570 655 clarum
583 607 616 650 cst
626 605 717 650 oculum
738 605 810 649 solum
825 606 849 649 in
864 616 992 650 sermonem

116 675 206 731 induci,
224 676 318 737 utquid
337 677 411 721 cordis
427 677 515 721 affectio
528 677 604 729 valeat
618 679 640 721 et
656 678 746 737 qualem
761 679 827 735 gerat
837 675 991 735 principatum

117 746 291 793 demonstretur.
309 751 382 800 Quare
394 750 485 793 oculum
499 751 558 793 reete
575 748 688 808 explicant
708 748 736 792 de
753 748 832 802 eorde,
846 748 873 791 de
887 746 963 790 mente
970 748 992 807 et

117 818 194 863 animo
201 818 234 878 (S.
245 819 341 879 Chrys),
349 820 504 864 deintentionc
512 835 557 878 qua
563 820 657 864 facimus
665 820 777 879 quidquid
785 819 880 864 facimus
887 816 920 877 (S.
930 816 989 876 naq.

116 888 169 941 aeis.
183 890 239 934 aab.
253 891 353 950 Pascat
368 894 400 934 est
411 892 487 949 itaque
502 891 684 950 siinplexoeulus
693 892 790 935 intentio
800 890 886 935 munda
898 892 920 933 et
930 890 991 931 recta

116 974 173 1019 quae
187 960 245 1004 illud
260 962 342 1021 aspicit
356 962 418 1021 quod
432 961 588 1021 aspiciendum
599 964 643 1018 est,
659 965 684 1006 ut
695 964 720 1007 S.
735 963 794 1021 dap.
810 963 853 1016 ait;
865 958 990 1005 secuudum

116 1031 213 1089 quamsi
223 1048 355 1092 operamur,
369 1034 446 1077 omnia
457 1048 525 1092 opera
534 1035 612 1077 nostra
622 1033 682 1077 bona
691 1033 736 1077 sint
749 1047 839 1077 necesse
850 1034 890 1076 est.
901 1023 989 1074 Etcum
1054 1030 1056 1032 ’

115 1102 215 1146 Christus
225 1105 371 1163 loquatur'de
384 1105 495 1149 thesauris
503 1105 527 1148 in
542 1105 605 1149 coelo
616 1104 771 1164 acquirendis7
782 1105 825 1149 ista
837 1104 930 1147 lucerna
943 1115 987 1144 non

114 1176 150 1217 est
162 1173 241 1219 lumen
261 1177 365 1221 naturale
389 1180 463 1220 rectae
478 1177 582 1231 rationis,
601 1176 640 1221 sed
654 1177 715 1220 istud
726 1177 802 1220 lumen
824 1175 987 1226 confortatum,

114 1248 217 1301 auctum,
239 1247 353 1305 elevatum
369 1247 456 1292 lumine
471 1247 525 1292 fidei
541 1251 563 1292 et
578 1249 678 1305 gratiae,
696 1248 786 1292 animus
804 1248 881 1306 itaque
898 1245 944 1289 fide
966 1247 989 1288 et

115 1317 189 1373 gratia
203 1319 296 1363 edoctus
307 1322 328 1363 et
337 1320 461 1364 illustratus
477 1323 498 1363 et
507 1320 602 1364 intentio
619 1320 705 1379 patriae
721 1320 822 1363 coelestis
839 1319 874 1362 vel
887 1315 985 1361 studium

114 1391 157 1431 Deo
166 1390 211 1433 fide
224 1392 365 1450 apprehenso
377 1391 491 1451 placendi.
845 1447 846 1450 Ἴ

143 1462 224 1505 Verum
241 1463 308 1521 quale
326 1463 435 1507 damnum
456 1464 555 1517 exsistat,
575 1464 593 1507 si
616 1477 653 1507 cor
674 1463 741 1507 rebus
764 1462 858 1506 terrenis
874 1462 986 1520 pertracto

113 1530 205 1575 affixum
212 1534 240 1576 sit
247 1532 277 1592 (v,
288 1533 335 1593 19),
345 1533 471 1593 explicatur
478 1549 498 1577 u.
509 1538 536 1577 23
547 1533 568 1576 sc*
576 1541 652 1577 cratem
663 1533 739 1577 000100
750 1540 800 1577 taces
808 1532 879 1592 suerit
887 1544 986 1591 nequam
1043 1588 1046 1591 ἦ

113 1602 208 1659 πονηρός,
220 1605 236 1647 si
249 1608 354 1662 aegrotat
364 1620 405 1649 nec
420 1604 494 1648 cilicio
509 1607 549 1648 sno
563 1620 618 1663 prae
634 1604 714 1648 morbo
730 1603 797 1661 fungi
811 1605 894 1662 potest,
913 1609 984 1646 totam

75 1718 76 1721 ,
113 1688 192 1732 coquas
209 1675 349 1720 tenebrosum
363 1677 418 1732 ci·2't;
433 1677 527 1720 lucerna
548 1677 629 1720 amissa
650 1667 744 1735 reliqua
765 1675 870 1719 membra
886 1674 985 1731 caligine
1019 1703 1020 1707 =

113 1746 194 1790 obvolu
199 1749 220 1790 ta
230 1751 292 1803 suut3
300 1751 404 1807 vquantae
412 1749 490 1807 itaque
498 1748 607 1792 tenebrae
618 1750 637 1791 te
648 1747 799 1791 concludent?
814 1747 834 1790 st'
845 1761 896 1805 0000
909 1746 984 1790 ariaco

113 1816 174 1875 quod
187 1817 211 1860 iu
229 1827 248 1862 tc
260 1828 303 1872 est,
320 1819 345 1863 id
359 1819 420 1878 quod
434 1819 477 1863 tibi
490 1834 531 1878 pro
546 1819 632 1862 lumine
647 1819 726 1862 datum
742 1820 784 1872 cst,
802 1818 905 1861 tenebrae
920 1826 981 1872 sacret,

112 1896 212 1946 0000100
223 1890 326 1934 tenebrae
339 1892 418 1934 erunt?
428 1890 462 1938 nti
474 1904 557 1947 graece
566 1890 672 1933 habetur.
689 1887 783 1934 Sicori.
796 1905 815 1933 e.
823 1891 912 1940 animus
920 1889 984 1934 malis

111 1961 300 2018 concupiscentiis
317 1965 340 2005 et
359 1959 515 2005 affectionibus
535 1961 681 2004 obnubilatus
699 1962 776 2017 linnen
792 1960 847 2004 tidei
860 1963 882 2004 et
897 1961 984 2018 gratiae

44 2046 45 2049 ¹
111 2029 208 2088 negligit
221 2032 257 2075 vel
274 2033 365 2087 abiicit,
386 2048 454 2091 opera
468 2033 572 2087 exsistent
588 2031 705 2091 pessima(
719 2032 734 2075 f.
749 2031 818 2076 Ezttlr.
836 2040 878 2076 car.
896 2034 932 2077 Cr.
945 2048 981 2093 op.

59 2147 60 2150 ,
110 2101 165 2160 einp.
179 2103 238 2162 Aap.
251 2104 305 2148 Bccl.
317 2104 393 2164 Bab).
407 2104 441 2147 Ad
456 2118 525 2162 quam
541 2118 590 2147 rem
608 2103 697 2148 Cluana
709 2104 767 2147 bene
778 2108 853 2147 monet
870 2104 897 2146 de
907 2104 983 2148 uerbis

111 2177 122 2217 t
140 2174 195 2218 Tim.
212 2178 266 2230 6,9:
284 2177 323 2235 qui
333 2176 413 2220 volunt
430 2176 509 2219 divites
525 2175 585 2228 fieri,
598 2175 703 2219 incidunt
717 2176 740 2217 in
758 2175 905 2219 tentationem
923 2178 944 2218 et
958 2177 981 2219 in
1006 2182 1013 2193 “·

109 2244 217 2303 laqueum
228 2246 313 2291 diaboii
329 2251 351 2291 ct
367 2247 479 2291 desideria
489 2247 561 2291 midta
575 2246 665 2291 inutilia
680 2249 702 2291 et
711 2248 792 2291 nociva
805 2262 863 2306 01100
873 2253 982 2306 mergunt

109 2315 212 2361 homines
233 2319 257 2362 in
275 2320 392 2363 interitum
413 2323 434 2362 et
447 2319 604 2378 perditionem.
621 2319 707 2363 Pariter
719 2318 738 2362 si
750 2319 846 2362 intentio
863 2320 934 2363 anion
950 2325 983 2365 est

109 2388 225 2433 sordidata
237 2391 314 2449 (quam
328 2391 367 2435 alii
377 2390 468 2435 oculum
481 2405 580 2449 nequam
591 2390 690 2450 dicunt),
705 2395 775 2448 opera
787 2393 853 2434 erunt
862 2392 981 2436 tenebrosa

110 2463 132 2502 et
146 2461 248 2514 sordida3
268 2476 294 2505 en
316 2462 383 2506 corde
402 2462 463 2505 euim
480 2464 561 2505 exeunt
578 2461 726 2517 cogitationes
742 2461 827 2517 malae,
844 2462 978 2519 homicidia,

108 2530 170 2574 furta
183 2534 225 2576 ete.
238 2533 322 2590 (llattli.
337 2532 421 2591 ladit).
440 2532 536 2576 Proinde
547 2529 571 2572 τὸ
583 2531 655 2580 σκότος
665 2531 738 2586 edeam
756 2532 771 2577 i.
789 2547 807 2578 0.
824 2533 848 2577 in
859 2536 949 2593 quantis
960 2539 981 2579 et

109 2618 177 2663 quam
193 2603 267 2648 densis
282 2604 381 2648 tenebris
396 2607 449 2648 tunc
464 2604 687 2662 rersalseristiuagis
703 2605 822 2664 magisque
837 2620 905 2665 opera
916 2610 979 2652 tene-

106 2675 200 2719 brarum
212 2676 273 2731 edes,
287 2677 401 2721 erroribus
411 2677 538 2737 etpeccatis
547 2679 570 2720 te
584 2676 721 2735 implicabis.
733 2677 808 2720 Varias
817 2692 843 2721 ea
854 2677 881 2721 de
893 2693 917 2722 re
928 2694 980 2724 con-

107 2747 253 2792 siderationes
261 2750 369 2808 proponit
381 2748 498 2808 Coleta'dqe
510 2749 526 2792 l.
542 2764 561 2793 0,
576 2764 599 2807 p.
615 2752 644 2792 87
654 2764 702 2808 seq.

137 2820 190 2862 Dein
207 2820 251 2864 alio
267 2821 403 2865 [lucuniento
420 2820 516 2864 ostendit
537 2820 637 2864 Christus
656 2820 777 2864 avaritiam
795 2834 840 2878 qua
855 2835 892 2864 cor
912 2822 979 2866 rebus

105 2892 200 2933 terrenis
216 2892 323 2948 alligatur
335 2907 464 2952 repugnare
478 2892 568 2936 servitio
577 2892 616 2947 bei
627 2895 695 2950 atque
707 2891 775 2934 simul
787 2890 885 2935 excludit
895 2894 979 2951 eogita-

105 2962 190 3005 tionem
200 2977 244 3020 000
255 2964 304 3020 quis
315 2965 414 3008 obiicere
423 2963 494 3023 possit
505 2979 509 3009 :
523 2963 579 3023 quid
589 2965 608 3008 si
616 2963 735 3007 thesauros
747 2964 769 3006 et
782 2977 823 3021 pro
832 2965 894 3008 terra
905 2968 927 3008 et
937 2980 978 3024 pro

105 3034 168 3077 00010
181 3033 321 3091 colligimus,
333 3037 351 3078 si
363 3051 401 3079 cor
411 3036 522 3079 habemus
535 3037 557 3079 et
569 3035 594 3078 in
609 3035 669 3078 00010
683 3034 737 3077 etin
748 3037 823 3079 terra?
833 3050 854 3079 v,
870 3040 897 3080 21
912 3051 977 3080 arcano

101 3114 176 3165 potest
184 3105 271 3150 (lacobus
280 3106 375 3149 [torrilias
383 3108 465 3150 seruire
470 3120 480 3162 ;
488 3121 562 3165 neque
573 3106 633 3149 enim
643 3105 709 3149 facile
720 3105 764 3151 duo
775 3106 825 3150 beri
833 3109 976 3166 reperientur

104 3178 206 3222 moribus
217 3178 274 3222 adeo
289 3177 399 3221 similibus
413 3179 434 3220 et
447 3176 579 3230 commodis,
594 3179 619 3219 ut
634 3177 725 3236 utrique
739 3179 793 3236 quis
802 3178 924 3221 satisfaciat
936 3181 975 3221 aut
