2211 3575
420 218 422 225 ’
459 240 534 271 alume.
550 228 569 277 9,
587 226 620 266 18.
937 229 974 291 411

96 335 157 369 autem
167 334 250 369 venisset
265 335 350 375 deinum,
366 334 483 368 accesserunt
495 333 518 367 ad
544 328 566 370 εἰς
581 327 612 372 τὴν
633 326 684 362 αἰκίαν
701 324 794 373 appetitur
813 322 857 370 αὐτῷ
877 322 893 356 οἱ
909 321 975 368 τυφλοί.
996 348 1003 352 ,

63 384 65 386 ’
97 402 138 426 eum
147 382 202 427 caeci.
218 392 242 425 Et
253 392 297 425 dicit
312 393 340 425 eis
357 392 408 426 lesus
425 401 429 424 z
445 392 518 426 creditis
543 388 570 423 aul
583 388 629 435 λέγει
640 386 704 433 ιαὐτοῖς
728 385 737 419 ὁ
756 383 825 429 Ἰησοῦς·
852 381 935 418 πιστεύετε
951 383 978 417 ὅτι
1009 414 1010 417 ,

96 453 140 494 quia
148 451 516 495 hoepossumlacercvobisldicuntei:
542 448 590 481 τοῦτο
613 445 684 492 δύναμαι
708 446 786 487 noricam
814 443 899 490 λέγουσινΙ
923 440 974 489 αὐτῷ·

96 512 160 554 utique
169 512 256 545 Domine.
268 511 297 545 29.
315 512 366 545 Tunc
381 513 443 553 tetigit
456 511 518 544 uetitos
543 505 687 559 να1,α1ριε.29.
706 504 744 538 τότε
762 502 820 550 ἥψατο
831 506 863 537 τῶν
882 501 975 549 ὀφθαλμῶν
1007 505 1008 511 ’

96 579 160 605 eorum
169 570 232 604 dicens
245 572 361 605 :seeundum
373 571 429 608 fidem
438 570 519 603 vestram
543 564 595 599 αὐτῶν
609 563 670 610 λέγων·
685 561 727 597 κατὰ
743 560 773 605 τὴν
792 562 847 597 πίστιν
860 561 905 608 ὑμῶν
921 573 974 609 γενη-

97 630 129 664 fiat
138 631 197 666 vobis.
208 630 237 664 31].
246 631 269 664 Et
277 632 336 674 aperti
344 631 387 664 sunt
396 630 446 663 oculi
456 636 518 662 eorum
544 623 588 667 θήτω
606 622 656 670 ipit.
671 624 700 657 30.
720 620 748 655 καὶ
764 619 871 669 ἠνεῴχθησαν
885 619 939 655 αὐτῶν
957 620 973 654 οἳ

97 691 115 724 et
130 691 253 724 comminatus
269 693 297 724 est
311 691 348 724 illis
365 690 417 723 Iesus
434 688 517 721 dicens:
544 681 789 731 ὀφθαλμοί,ἀαὶένε6ριμήδη
809 681 885 722 araas
908 679 974 726 Ἰησοῦς

72 744 73 747 ’
96 748 156 782 videte
175 758 199 782 ne
217 750 259 791 quis
282 748 338 781 sciat!
362 748 391 781 31.
410 747 440 780 Illi
458 747 519 780 autem
543 743 606 791 λέγων·
620 738 678 789 ὁρᾶτέ,
694 741 749 789 μηδεὶς
761 742 863 788 γινωσκέτω,
877 743 907 777 31.
924 741 940 775 ot
957 740 974 775 δὲ

97 809 185 841 exeuntes
194 808 338 843 diffamaverunt
345 808 414 839 eumin
423 808 463 840 tota
470 808 519 843 terre
540 797 637 844 ἐξελθόντες
650 801 748 848 διεφήμισαν
762 799 810 835 αὺτδν
824 800 840 836 ἐν
865 800 894 848 ὅλῃ
910 806 931 847 τῇ
951 801 974 847 γῇ

96 867 135 900 illa.
217 861 219 864 ’
544 861 606 909 ἐκείνῃ,

106 925 148 981 k32.
161 926 247 967 Egressis
257 927 320 959 autem
333 926 379 970 illis,
391 934 433 959 ecce
448 926 518 959 obtule·
568 924 597 957 32.
607 920 663 956 Αὐτῶν
671 919 688 955 δὲ
695 919 804 967 ἐξερχομένων
817 918 851 953 aa
857 918 979 966 προσήνεγκαν

96 986 139 1019 runt
155 985 172 1018 ei
188 985 283 1018 bominem
302 987 385 1025 mutum,
402 985 518 1018 daemonium
543 980 656 1029 αὖτῷκωμδν
681 981 825 1027 δαιμονιζόμενον,
852 980 880 1014 33,
900 978 928 1013 καὶ
947 977 973 1012 la·
1020 1025 1022 1028 ἱ

96 1044 201 1078 habentem.
211 1032 243 1077 33.
256 1044 279 1077 Et
291 1044 350 1077 eiecto
360 1044 457 1077 daemonio
467 1045 517 1077 loeu-
543 1041 634 1085 ὅληθένιος
646 1043 675 1075 τοῦ
692 1040 778 1088 δαιμονίου
792 1038 871 1083 ἐλάλησεν
885 1040 894 1074 ὁ
910 1041 971 1086 κωφός,

96 1107 125 1137 tus
140 1105 167 1137 est
181 1104 254 1147 mutus,
270 1105 289 1151 et
305 1103 383 1136 miratae
397 1104 440 1136 sunt
455 1103 518 1136 turbae
542 1100 571 1135 καὶ
588 1099 682 1146 ἐθαύμασαν
701 1099 717 1134 οἱ
729 1096 779 1146 ὄχλοι
791 1096 877 1146 λέγοντες(
892 1098 972 1134 οὐδέποτε
1053 1094 1054 1097 ’

73 1172 75 1174 ·
96 1163 193 1204 dicentes:
212 1170 315 1203 numquam
323 1163 407 1204 apparuit
419 1163 445 1194 sio
457 1163 476 1194 in
491 1162 518 1195 Is·
544 1158 594 1205 ἐφάνη
609 1158 660 1204 οὕτως
685 1158 701 1193 ἐν
715 1162 738 1205 τῷ
764 1158 838 1205 Ἰσραήλ.
865 1160 893 1195 34.
920 1151 971 1193 aaa

95 1222 140 1255 rael.
157 1220 185 1255 31.
202 1219 470 1254 Pharisaei'autemdioebant
484 1213 519 1253 {in
543 1218 630 1265 φαμιααῖοι
664 1216 730 1263 ἔλεγον·
763 1216 779 1252 ἐν
795 1220 818 1263 τῷ
843 1217 913 1264 δρχονιι
938 1221 971 1252 τῶν

96 1281 177 1323 principe
193 1280 334 1314 daemoniorum
346 1280 396 1312 eiicit
411 1279 517 1313 claenrones.
544 1277 635 1324 δαιμονίων
662 1275 737 1311 {attila
749 1275 769 1311 τὰ
782 1277 866 1323 δαιμόνια.

120 1388 141 1420 In
151 1397 167 1421 v.
182 1387 201 1420 18
211 1388 281 1428 legitur
291 1384 377 1428 aruritae,
388 1387 406 1419 al
414 1397 436 1424 εις
449 1383 510 1427 ellam
522 1392 535 1423 Ν
545 1384 568 1431 (b)
580 1387 595 1419 B
608 1397 630 1424 εις
645 1383 747 1430 προσελθων,
759 1387 776 1419 al
786 1397 809 1424 τις
819 1397 864 1430 προς.
875 1387 893 1419 al
904 1397 926 1424 εις
936 1383 971 1418 aa·

96 1445 156 1480 ελθων.
172 1447 218 1481 codd
229 1447 258 1479 sat
272 1446 325 1479 inrilti
334 1446 384 1488 vulg.
400 1446 436 1479 add
446 1447 514 1479 cornice
519 1455 525 1486 ,·
536 1454 597 1488 neque
607 1447 670 1479 tamen
679 1454 709 1479 ain
723 1454 757 1479 cav
766 1446 802 1479 dub
812 1445 851 1479 fuld
859 1447 891 1487 ing
902 1445 937 1479 ior.
949 1446 971 1478 In

95 1516 113 1540 v.
124 1507 144 1540 25
154 1506 208 1549 steph
222 1507 260 1539 sixt
271 1514 275 1538 :
286 1514 362 1539 manum
375 1506 415 1538 eius
426 1510 442 1538 et
452 1506 498 1538 dicit
508 1513 513 1538 :
522 1505 586 1548 pirella
602 1515 662 1547 stripe.
673 1505 695 1538 In
705 1514 723 1538 v.
735 1506 756 1538 30
769 1506 809 1547 pler
820 1505 867 1539 codd
881 1503 970 1550 ινεῦριμη-

96 1576 141 1606 earo,
152 1565 185 1599 sed
194 1563 294 1610 ενεὸριμηθη
305 1561 350 1602 NB*
362 1564 368 1597 1
381 1564 403 1597 22
415 1564 453 1597 118.
463 1564 485 1597 In
492 1574 510 1597 ν.
522 1564 543 1598 32
551 1565 592 1606 ple-1·
603 1564 650 1598 codd
659 1562 745 1608 ανδρωπον
755 1575 817 1610 rapot,
826 1565 861 1598 auc
871 1566 970 1598 etiamdum

96 1625 131 1658 dub
142 1633 165 1666 eg
175 1625 206 1667 ept
215 1621 282 1668 (marg)
291 1624 328 1657 lich
336 1624 374 1656 ken
383 1624 428 1657 rusb
438 1620 560 1666 ahcg1hq;
572 1623 592 1656 id
602 1623 653 1665 quod
661 1632 685 1657 ex
695 1623 763 1665 duplici
773 1625 925 1666 interpretatione
936 1633 967 1657 vo-

96 1685 121 1718 cis
128 1694 183 1728 αωφον
193 1684 254 1716 ortum
265 1692 306 1716 esse
316 1682 395 1715 videtur.
404 1682 465 1721 Notat
471 1683 520 1715 eninr
529 1683 547 1715 S.
557 1683 607 1715 Hier.
624 1682 648 1715 ad
662 1683 737 1715 locum:
751 1692 758 1714 ιι
770 1683 818 1725 quod
829 1684 890 1716 autem
900 1692 969 1725 graece
983 1696 986 1703 ⁴

96 1744 160 1777 dicitur
168 1752 229 1787 αωμον,
239 1743 300 1783 magis
309 1743 374 1775 tritum
384 1741 412 1774 est
421 1750 506 1774 sermone
515 1742 610 1776 communi
619 1742 640 1774 ut
654 1742 718 1773 suiuus
731 1742 791 1783 magis
802 1751 857 1783 quam
867 1746 927 1774 ινιαιιιι
936 1737 966 1775 iri-

49 1798 51 1803 ’
95 1803 189 1844 telligatur
194 1811 198 1842 ς
210 1801 243 1835 sed
258 1802 316 1834 moris
331 1802 359 1834 est
375 1799 511 1843 Scripturarum
523 1811 577 1846 κωφον
592 1799 722 1834 indifferenter
731 1800 761 1834 vel
770 1805 836 1834 αιιιειινι
850 1802 879 1834 vet
894 1802 969 1835 surdum

93 1856 153 1890 dicere
163 1867 178 1889 ν.
189 1857 209 1888 lu
219 1865 236 1888 v.
246 1855 268 1889 34
277 1857 342 1898 legunt
350 1857 396 1897 tecit,
407 1857 456 1889 eiecit
466 1856 501 1889 dub
511 1864 534 1898 eg
541 1857 572 1898 ept
583 1865 607 1889 ox
617 1857 668 1897 rusb,
680 1864 735 1898 quem
744 1865 818 1890 versum
827 1859 856 1890 sin
864 1860 971 1892 nonhabet.
1014 1872 1017 1879 ν

124 1959 192 1999 Porro
206 1953 344 1997 describitur
360 1955 408 1997 lesu
422 1954 534 2012 potentia,
554 1954 672 2010 maiestas,
689 1954 818 2010 benignitas
834 1953 969 2011 gradatione

95 2025 193 2085 quadam
201 2026 226 2068 in
236 2019 425 2068 resuscitationea
435 2014 528 2069 mortuis
540 2014 597 2068 eteo
608 2024 670 2083 quod
681 2026 729 2069 solo
742 2027 826 2068 attactu
838 2025 969 2068 vestimenti
983 2031 985 2033 '

95 2097 141 2141 eius
153 2110 204 2140 cum
217 2094 264 2139 fide
280 2095 340 2138 iacto
351 2097 443 2143 sanatur
457 2095 549 2140 morbus
564 2094 687 2139 diuturnus
702 2096 741 2155 qui
754 2095 816 2139 nulla
826 2095 969 2139 medicorum

47 2197 49 2200 -
95 2171 142 2211 arte
154 2167 208 2226 pelli
216 2168 315 2225 poterat.
327 2165 455 2227 Ostenclitur
464 2166 519 2211 fides
532 2165 595 2226 apud
604 2166 696 2224 plebem
707 2178 817 2220 crescens,
830 2181 882 2209 eum
894 2169 969 2210 Iesum

95 2239 139 2282 [luo
150 2238 210 2282 caeci
219 2238 267 2281 iam
278 2237 376 2280 salutent
386 2237 460 2280 filium
473 2237 543 2281 David
557 2237 573 2281 i.
585 2251 604 2281 e.
620 2238 731 2290 llessiam3
742 2238 795 2281 fidei
805 2238 875 2283 uirtus
883 2238 967 2281 iterum

78 2308 82 2312 “
94 2307 267 2353 commendatur
281 2310 303 2350 et
313 2306 406 2350 demum
417 2307 508 2351 effectus
518 2307 681 2351 miraculorum
694 2308 808 2351 indicatur
820 2308 915 2366 :populi
925 2308 967 2352 ad-

95 2380 195 2433 miratio,
207 2378 355 2437 blasphemia
368 2378 551 2437 pharisaeorum3
566 2378 628 2422 unde
644 2378 695 2422 odia
709 2382 730 2422 et
740 2378 872 2422 inimicitiae
886 2393 966 2423 eorum

95 2453 138 2495 iam
153 2449 298 2495 horrendum
317 2449 342 2493 iu
357 2449 450 2493 modum
468 2451 570 2494 creseunt
585 2452 608 2493 et
626 2449 717 2504 veritati
736 2464 826 2493 omnem
842 2449 965 2494 occludunt
993 2508 995 2511 Ι

94 2522 186 2566 aditum.
196 2524 275 2580 ltaque
283 2520 328 2565 tria
336 2520 392 2564 haec
401 2536 459 2580 quae
467 2520 615 2577 Iesum,bfidei
625 2521 743 2577 virtutem,
755 2520 858 2565 effectum
868 2522 965 2565 miracu-

92 2593 166 2637 lorum
184 2594 298 2651 speetant,
318 2592 493 2650 proximenecti
509 2593 537 2636 iis
555 2606 615 2651 quae
632 2592 773 2650 evangelista
783 2592 895 2649 intendit,
914 2594 964 2652 ipsa

92 2677 170 2709 eorum
181 2664 398 2707 commemoratione
408 2664 491 2722 patefit.
857 2662 859 2666 ⁴

120 2735 226 2779 Brevitati
234 2732 330 2783 ,studens
340 2733 413 2777 solum
425 2735 458 2777 rei
470 2748 582 2779 summam
594 2739 688 2789 narrat*
700 2739 724 2779 ut
737 2736 810 2794 ipsum
824 2737 963 2781 miraculum

92 2806 156 2865 quasi
168 2805 283 2851 efficacius
295 2804 402 2848 efferatur
413 2807 435 2848 et
447 2819 492 2849 uno
506 2806 576 2849 veluti
589 2806 636 2848 ictu
648 2806 718 2849 animi
731 2806 856 2863 legentium
868 2808 892 2851 in
907 2823 963 2853 oon-

91 2876 252 2921 siderationem
268 2876 431 2920 miraculorum
447 2876 572 2935 rapiantur.
593 2876 661 2920 Plura
677 2877 711 2920 rei
727 2877 834 2923 adiuncta
849 2880 962 2939 praebent
1007 2885 1010 2893 ¹

91 2951 154 2991 llere.
168 2950 220 3002 522
234 2962 281 3006 seq.
296 2951 349 2992 Luc.
361 2951 413 3002 Stat
428 2962 484 3007 serp,
497 2947 529 2991 uti
542 2947 566 2991 iu
577 2946 627 2991 aliis
639 2963 731 3008 quoque
743 2950 908 2995 observandum
919 2954 960 2995 est.

92 3021 145 3062 Cum
156 3018 279 3061 Matthaeus
289 3020 373 3075 scribat
384 3035 405 3064 ν.
422 3023 448 3064 18
462 3019 516 3080 burc
529 3019 568 3063 tuo
579 3018 684 3079 loquente
699 3021 786 3077 acleus,
801 3037 850 3067 ecca
864 3026 906 3067 etc.
919 3024 961 3067 erit

92 3087 261 3133 assentiendum
276 3091 298 3133 S.
312 3091 439 3147 Augustino
452 3091 576 3137 affirmanti
588 3091 632 3135 boc
647 3092 695 3152 ipso
708 3094 804 3137 transita
813 3083 963 3138 indicarilioc

93 3161 181 3205 narrari
195 3162 361 3218 cousequenter
378 3162 439 3219 quod
454 3166 475 3207 et
486 3166 652 3222 consequenter
667 3165 752 3208 iactum
763 3165 801 3221 sit,
817 3165 859 3209 nisi
870 3178 960 3208 onlnem
