2285 3575
342 618 344 622 ,
397 521 613 630 suuuuruuus
632 571 686 629 ur.
700 537 755 633 >uu

140 737 268 810 orauere
276 762 341 816 utut,
351 760 539 828 suturarum
548 728 1034 809 urosrouaruuuuaotauouuu1
1084 822 1085 825 Ἴ

141 946 143 951 y
172 894 280 938 Cohaeret
291 894 360 952 plane
373 906 424 936 cum
438 891 495 936 ootis
505 890 594 937 Nostris
603 890 760 951 siqnificatum
772 906 786 935 a
800 897 820 934 te
829 888 951 934 consilium
962 904 1014 933 con-

139 964 246 1009 tinuandi
264 971 286 1007 et
306 962 437 1008 absoluendi
454 965 551 1009 Cursum
566 961 700 1022 Scripturae
714 963 801 1007 'Sacrae
817 960 933 1021 superiore
955 959 1024 1005 bello·

7 1039 12 1083 Jj
64 1099 67 1103 Δ
139 1042 302 1095 intermissum,
317 1024 411 1101 tibique,
429 1040 511 1085 dilecte
524 1040 569 1100 sili,
587 1047 608 1083 et
623 1039 718 1084 adscitis
733 1038 837 1084 laborum
850 1038 917 1083 sociis
933 1046 1012 1097 qratu-

133 1120 213 1164 lamur
225 1134 253 1163 erc
267 1117 352 1163 animo.
365 1118 475 1162 Nouimus
488 1116 549 1177 enim
564 1117 606 1177 qui
619 1116 654 1160 tui
668 1115 760 1173 Ordinis
772 1114 899 1161 sacerdotes
915 1115 1012 1160 antebac

137 1197 163 1240 in
176 1210 241 1255 opere
251 1195 328 1249 eodem
342 1194 459 1240 scribendo
469 1195 554 1239 uersati
564 1202 624 1248 sunt,
638 1200 727 1253 quanta
735 1192 762 1238 id
772 1193 863 1254 eqerint
877 1207 929 1238 eum
943 1192 1011 1237 laude

138 1273 255 1318 doetrinae
276 1280 297 1316 ct
318 1271 420 1332 obsequii
442 1272 468 1317 in
491 1271 613 1335 Ecclesiae
627 1270 786 1332 maqisterium
810 1279 940 1331 quantoque
960 1285 1011 1314 cum

23 1343 41 1367 ⁸
76 1388 79 1397 ,
122 1378 124 1383 ·
136 1351 215 1408 fructu
229 1349 322 1394 biblicae
336 1349 482 1409 disciplinae,
496 1349 592 1409 iureque
606 1356 638 1393 est
651 1348 714 1409 quod
723 1349 826 1412 fructum
839 1364 886 1411 non
900 1347 1011 1392 minorem

136 1435 278 1486 expectemus
297 1442 311 1471 a
330 1435 351 1471 tc
367 1435 388 1471 et
406 1442 420 1471 a
439 1426 486 1471 tuis
506 1426 637 1482 sodalibus;
654 1425 716 1470 niltil
733 1427 793 1470 enim
810 1426 938 1470 dubitamus
954 1425 1011 1485 quin
1054 1471 1055 1474 ,
1081 1420 1082 1423 ’

136 1503 213 1548 codem
230 1503 439 1548 ornatuuirtutum
458 1512 538 1563 coepta
553 1502 633 1548 eadem
649 1502 829 1564 aqqrediamini.
846 1504 914 1562 Spem
929 1503 1010 1547 bonam

136 1579 196 1624 illud
210 1580 279 1624 etiam
295 1580 370 1640 affert,
387 1581 450 1639 quod
465 1580 559 1625 biblieas
575 1580 616 1625 bas
630 1580 766 1640 scriptiones
782 1580 883 1639 repetitis
895 1595 940 1640 per
956 1580 1010 1625 baec

161 1647 312 1714 eronpmiana
335 1655 463 1701 sollemnia.
489 1655 605 1701 Videmini
629 1656 699 1713 enim,
726 1654 817 1716 aruspice
841 1655 1009 1716 quodammodo

134 1735 230 1776 Doctore
243 1731 442 1795 manimopstudia
454 1740 528 1777 uestra
541 1733 566 1777 in
580 1747 629 1777 eam
641 1733 715 1793 ipsam
733 1734 835 1792 conferre
851 1733 1007 1792 disciplinam,

136 1823 181 1867 qua
199 1807 260 1852 idem
276 1796 400 1853 excolenda
412 1816 536 1871 'tantopere
556 1809 668 1863 inclaruit
684 1808 808 1870 eademqne
827 1809 937 1869 maqistro
954 1797 1017 1855 uelle

92 1912 94 1931 s
136 1882 233 1929 ardentm
240 1885 348 1943 persequi
354 1884 505 1943 propositum.
517 1886 563 1930 Nos
574 1885 674 1945 quidem,
688 1893 713 1929 ut
725 1885 750 1929 id
761 1885 831 1946 etiam
842 1894 974 1946 cooperetur
986 1887 1010 1931 in

54 2023 56 2026 v
135 1963 227 2016 bonrum,
242 1961 387 2023 concedimus
402 1961 549 2007 libentissime
561 1970 594 2016 ut,
611 1978 669 2023 quae
677 1964 770 2024 probati
780 1963 848 2008 leuius
858 1964 932 2024 operis
943 1963 1009 2008 eden-

134 2039 172 2082 tui·
181 2037 306 2092 volumina
318 2037 422 2083 dicentur
431 2038 523 2084 nomini
532 2041 615 2085 Nostro
626 2054 635 2083 .·
645 2055 671 2085 ac
685 2040 817 2086 caelestium
830 2040 1010 2085 conciliatricem

135 2115 247 2160 luminum
259 2115 406 2176 Nostraeque
416 2124 494 2161 testem
509 2117 686 2173 beneuolentiae,
703 2117 854 2177 apostolicam
871 2117 1008 2163 benedictio-

133 2206 185 2236 nem
201 2191 250 2247 tibi‚
269 2190 350 2237 dilecte
363 2192 410 2254 pti,
427 2194 517 2253 tuisque
530 2194 597 2239 sociis
609 2198 758 2258 peramanter
772 2196 797 2239 in
813 2195 909 2240 Domino
926 2195 1009 2256 imper·-

133 2278 208 2315 timus.

162 2338 246 2389 Datum
267 2330 351 2390 Romae
376 2346 441 2405 apud
464 2354 568 2397 sanetum
593 2342 695 2403 Petrum,
717 2347 754 2392 die
778 2350 866 2394 XXVII
886 2348 1008 2393 decembris

134 2422 251 2478 MCMXX,
266 2423 419 2481 Pontificatus
430 2424 508 2470 Nostri
521 2439 581 2490 anno
595 2425 698 2484 septimo.
742 2442 745 2445 ·
811 2447 813 2450 >

562 2582 564 2586 ,
610 2542 781 2585 ’ΒΕΝΕΒΙΟΤΠΞ
797 2544 837 2586 ΡΡ.
855 2544 891 2586 XV

156 2693 185 2730 Ad
194 2696 218 2732 R.
228 2696 249 2733 P.
260 2696 381 2735 Franciscum
393 2698 461 2749 norell,
473 2699 491 2736 S.
503 2700 526 2748 1,,
541 2699 657 2749 propositum
669 2700 777 2738 absolvendi
789 2713 797 2735 ι(
808 2701 886 2739 Cursum
901 2701 1008 2751 Scripturas

132 2752 199 2790 Sacrae
208 2766 218 2790 u
228 2755 367 2796 commendans.
977 2772 982 2797 5
