2239 3511
106 209 145 249 aaa
237 198 239 200 ’
393 221 395 223 ·
454 173 531 241 lilaea.
545 202 564 249 c,
579 201 645 240 ro-ro.

107 299 189 357 animi,
203 302 260 346 alter
273 305 305 345 est
318 300 467 361 morbusque
480 301 570 344 animus
580 299 694 343 humanus
705 297 786 341 misere
797 296 901 339 laborare
914 294 978 339 solet.

109 371 162 416 lnde
177 375 253 416 autem
268 371 335 426 facile
353 372 489 416 concluseris
509 385 578 431 quam
594 370 650 414 falso
670 369 742 429 aliqui
761 366 848 425 (Bleeh,
867 365 978 419 Ncander,

107 441 184 501 llfeiss)
202 446 303 487 asserant
317 442 377 487 hanc
391 446 480 502 partem
496 457 543 487 esse
558 455 668 499 magnam
684 438 893 498 interpolationem,
910 436 980 479 immo

107 526 153 558 esse
163 514 230 573 plane
238 513 337 558 alienam
347 514 376 558 ab
385 516 521 571 argumento
531 513 640 557 sermonis
651 504 978 568 5‚17-acenuntiat0(We2'ss).

102 583 175 628 Etiam
187 583 286 640 Hellana.
301 584 376 627 censet
390 583 451 626 hanc
465 584 555 641 partem
568 597 598 642 ex
608 580 653 625 alic
670 582 775 625 contextu
790 580 849 638 (Luc.
866 577 983 637 ihm-21}

103 669 150 703 csse
165 654 328 713 depromptam
343 657 364 698 et
379 654 412 698 ibi
426 653 520 698 demum
531 653 593 713 (Luc.
607 656 674 708 tamn
689 652 751 712 seq.)v
763 666 803 695 suc
813 651 862 695 loco
874 649 981 709 reperiri,

102 741 177 785 neque
187 730 264 770 tamen
274 725 312 769 hic
322 726 400 785 inepte
410 725 473 785 poni,
485 740 538 770 cum
546 725 575 769 ad
582 725 653 769 animi
662 723 749 768 cultum
754 721 876 782 pertineat,
886 721 920 766 uti
930 725 982 775 5‚17
1019 758 1020 761 ,

102 800 125 841 et
135 801 173 851 ibi
181 813 227 857 seq.
239 796 302 849 Quod
312 798 361 842 aliis
371 811 541 856 nonnunquam
551 790 649 856 placuit,
656 794 769 840 Christum
775 807 903 839 sermonem
910 786 983 836 trans·

101 869 162 917 ferre
180 868 209 913 ad
225 869 344 913 thesauros
360 868 479 923 coelestes,
495 869 548 926 quia
563 866 655 911 dixisset
669 882 689 918 v.
706 870 732 911 18
746 864 825 911 reddet
838 863 880 927 tt'bc'
893 867 916 908 et
931 863 984 923 quia

101 939 129 983 de
140 939 291 998 eleemosynis
302 943 323 983 et
334 939 362 983 de
374 954 432 998 pane
443 937 576 998 quotidiano
587 937 699 997 quaedam
708 937 829 1001 intulisset,
841 935 947 993 exiguum
958 950 984 978 ac

100 1015 169 1055 tenue
180 1013 213 1056 est
222 1026 297 1070 neque
307 1010 336 1055 ad
346 1011 457 1055 sermonis
468 1009 675 1054 conformationem
685 1010 707 1053 et
715 1009 879 1065 argumentum
890 1006 983 1064 amplis-

100 1081 185 1126 simum
194 1082 247 1126 satis
256 1085 343 1141 aptum.

136 1152 215 1198 Tribus
229 1153 379 1211 argumentis,
397 1156 423 1197 ut
438 1155 493 1214 Lep.
511 1157 598 1209 monet,
615 1153 715 1214 Christus
730 1169 743 1198 a
758 1152 833 1197 studio
848 1152 979 1196 divitiarum

105 1223 210 1268 homines
224 1228 311 1269 avocat.
328 1225 430 1269 Primum
443 1230 476 1269 est
486 1225 547 1284 quod
559 1226 621 1284 ipsae
631 1225 705 1268 fluxae
719 1226 763 1269 sint
778 1229 800 1267 et
810 1223 976 1282 corruptibilem

106 1295 231 1339 secundum
245 1310 266 1339 v.
281 1299 309 1339 ΞΕ
323 1295 385 1354 quod
397 1298 497 1339 mentem
510 1295 660 1340 obtenebrent
671 1299 692 1339 et
708 1297 837 1350 excaecent3
854 1294 945 1337 tertium
955 1308 977 1338 v.

107 1369 135 1410 ‘lt
147 1366 208 1425 quod
217 1366 281 1425 ipsae
295 1369 395 1410 mentem
407 1369 478 1410 totam
489 1367 519 1411 ad
533 1381 556 1410 se
569 1366 670 1427 rapiant,
683 1369 708 1409 ut
718 1369 761 1410 Dec
774 1365 858 1410 servire
871 1367 977 1424 nequeat.

107 1436 210 1480 Primum
217 1438 298 1496 itaque
304 1438 435 1482 exhortatur
441 1452 471 1481 ne
481 1437 612 1482 studium'et
621 1436 724 1480 lahorem
734 1436 869 1480 collocemus
878 1436 901 1479 in
912 1436 979 1480 rebus

106 1508 173 1552 fluxis
187 1522 246 1567 quae
254 1507 368 1569 facillime
384 1508 450 1552 ncbis
465 1511 560 1567 pereant
576 1523 597 1552 v.
619 1512 645 1552 19
663 1507 733 1552 nolite
749 1500 901 1552 thescere'zere
918 1506 979 1551 cobis

107 1579 224 1623 illecebras
240 1580 264 1623 c'n
280 1579 367 1623 terrei.
386 1594 405 1623 e.
424 1579 536 1623 eiusmodi
552 1579 669 1624 thesauros
686 1578 725 1638 qui
740 1579 783 1623 sint
797 1582 819 1623 et
835 1582 942 1623 maneant
955 1579 979 1623 in

106 1653 177 1703 terra3
192 1649 233 1694 act
245 1651 260 1694 i.
279 1665 298 1695 e.
316 1650 369 1709 quia
384 1651 419 1694 ibi
433 1651 457 1694 in
469 1654 532 1695 terra
545 1665 630 1709 ceramo
644 1658 666 1694 et
677 1651 736 1711 tinec
752 1650 885 1706 cterucb'bnq
898 1665 979 1707 graece

106 1722 170 1765 tinea
186 1724 208 1765 et
224 1721 308 1776 erosi03
325 1721 398 1779 βρῶσις
415 1721 543 1766 declaratur
557 1722 585 1765 ab
601 1722 671 1765 Eutb.
690 1717 749 1779 etue
763 1718 799 1763 aul
813 1718 868 1771 ἵωσις
884 1717 917 1763 καὶ
933 1719 977 1770 art'

107 1792 180 1838 tuuc-br
190 1791 276 1839 τοιαύτη
289 1784 400 1851 diuptcpt3
415 1796 480 1836 uetus
489 1792 561 1837 latina
570 1794 643 1837 versio
650 1793 751 1837 hahebat
761 1801 898 1849 contererem·
907 1800 927 1837 et
940 1792 979 1837 obi

105 1864 168 1923 sures
177 1861 301 1922 effodiunt,
309 1864 401 1924 proprie
410 1863 503 1907 domum
510 1863 667 1922 perfringunt,
677 1871 698 1907 et
705 1863 820 1923 scirentur.
832 1865 899 1924 Tinea
908 1867 979 1908 vestes

107 1935 216 1994 pretiosas
226 1936 365 1993 corrumpit;
381 1934 464 1994 βρῶσις,
481 1934 553 1978 crosio
567 1935 602 1978 vel
614 1934 729 1994 corruptio
744 1931 804 1979 cadit
817 1936 842 1979 in
856 1937 942 1980 fructus
957 1939 979 1980 et

107 2007 152 2050 alia
170 2006 253 2065 quibus
270 2020 342 2066 penus
356 2005 438 2050 instrui
452 2005 520 2060 sciet,
538 2005 600 2050 fures
613 2021 704 2062 aururn,
725 2010 857 2065 argentum,
876 2022 979 2065 gemmas
995 2033 997 2037 -

106 2078 220 2122 auferunt.
232 2075 264 2121 lta
276 2077 350 2121 tribus
362 2078 410 2121 istis
422 2078 596 2135 omnia'gencra
609 2078 773 2136 possessionum
786 2081 808 2121 et
820 2079 978 2122 thesaurorum

105 2150 249 2193 terrestrium
269 2147 418 2205 designantur
435 2148 472 2208 (cf.
489 2147 543 2192 Bcd.
562 2147 617 2193 aab.
638 2148 739 2208 Tbcm.)';
759 2148 826 2193 simul
842 2149 976 2204 declaratur,

106 2235 174 2280 quam
188 2219 261 2263 fluxae
275 2209 320 2263 sint
335 2222 356 2264 et
370 2218 463 2277 fragiles
473 2218 584 2264 eiusmodi
594 2222 629 2264 res
641 2223 662 2264 et
675 2220 831 2279 possessiones,
850 2224 905 2281 quot
918 2222 978 2281 peri-

106 2291 162 2335 culis
176 2291 297 2346 obnoxiae,
312 2305 381 2349 quam
395 2290 487 2345 labiles,
503 2305 572 2350 quam
589 2291 654 2335 facile
676 2292 809 2336 amittantur
825 2295 847 2335 et
866 2308 918 2336 eum
934 2294 979 2337 sint

106 2362 245 2407 thermantia
263 2370 334 2416 terre,
351 2362 430 2406 saltem
441 2365 512 2406 morte
529 2365 626 2422 pereunt
641 2363 762 2407 amissione
775 2363 920 2422 irreparabili
939 2366 976 2422 (ci.

107 2433 224 2492 Colere'dqe
234 2436 260 2477 IV
270 2450 293 2493 p.
308 2433 355 2492 62).
587 2492 588 2495 Ἴ

111 2508 113 2512 ’
136 2508 178 2548 Pro
192 2504 312 2560 fugacibus
328 2506 350 2547 et
368 2504 485 2548 fallacibus
500 2504 585 2547 divitiis
599 2504 756 2547 Christus'iam
768 2504 865 2549 ostendit
879 2521 942 2552 veras
957 2510 979 2551 ct

100 2578 208 2621 aeternas
219 2577 241 2618 et
254 2589 312 2635 quae
322 2575 371 2634 ipsa
382 2589 423 2620 sua
436 2576 578 2635 perennitate
588 2589 667 2619 revera
678 2574 802 2620 immensae
812 2576 858 2621 dici
871 2578 976 2628 debeant.

105 2648 167 2693 Unde
186 2647 244 2691 sicut
261 2648 389 2707 appetitum
403 2646 479 2691 laudis
499 2649 521 2691 ct
537 2646 623 2705 gloriae
639 2646 728 2691 homini
743 2647 836 2693 insitum
852 2650 882 2693 ad
899 2666 977 2695 veram

105 2719 167 2780 apud
179 2722 250 2763 Deum
259 2718 352 2762 laudem
367 2721 390 2762 et
405 2718 505 2776 gloriam
515 2733 562 2763 esse
576 2718 722 2776 dirigendum
732 2719 809 2764 docuit
823 2719 878 2779 (fib.
895 2726 914 2766 6.
929 2723 974 2783 ta),

104 2792 137 2834 ita
148 2790 297 2849 cupiditatem
309 2789 442 2837 diuitiarum
453 2793 542 2835 tantum
552 2790 615 2834 abest
625 2793 650 2833 ut
661 2792 790 2850 supprimat
800 2792 835 2834 vel
846 2794 977 2839 exstinctam

105 2862 160 2905 velit
170 2865 195 2905 ut
204 2861 234 2905 ad
246 2876 309 2905 veras
320 2862 410 2906 <litorius
422 2865 443 2906 et
456 2864 559 2907 aeternas
572 2862 710 2922 appetendas
721 2876 771 2906 eam
780 2863 870 2907 erudiat
880 2868 901 2908 et
912 2868 977 2911 exsti-

105 2933 187 2986 mulat,
205 2933 237 2975 ita
252 2948 272 2976 v.
291 2933 487 2978 ‘collimitaneae
507 2934 568 2978 coto
586 2935 701 2978 thesauros
717 2933 741 2976 tn
760 2935 819 2977 ecclc
839 2938 878 2995 qui
896 2939 941 2981 sint
957 2942 979 2981 ct

104 3003 259 3049 recondantur
269 3004 293 3046 in
307 3004 379 3059 coelo,
396 3023 407 3045 u
419 3007 483 3065 qnasi
496 3005 558 3049 dicat
571 3020 575 3050 z
589 3006 607 3049 si
616 3005 673 3049 libet
685 3004 802 3049 thesauros
811 3009 944 3065 recondere,
959 3010 977 3053 si

95 3066 194 3120 'animus
203 3076 236 3119 est
247 3073 370 3131 ditescere,
380 3077 451 3133 agite,
463 3077 581 3121 ostendam
591 3076 652 3120 votas
664 3076 776 3134 quomodo
783 3078 807 3121 id
817 3078 887 3137 longe
895 3082 978 3125 rectius

105 3147 257 3207 assequamini
272 3161 341 3206 [priam
352 3147 433 3204 vulgus
442 3148 563 3192 hominum
573 3147 657 3202 studct;
670 3162 714 3191 non
724 3150 839 3195 recondite
851 3152 914 3196 vobis
929 3153 978 3196 the-

103 3234 181 3265 sauros
198 3220 310 3274 interra,
330 3218 445 3279 perituros
461 3220 540 3278 utique
557 3222 579 3263 et
596 3218 662 3263 atriis
681 3219 788 3266 obnoxios
805 3223 921 3282 periculis,
939 3217 977 3266 sed
