2239 3511
479 213 555 244 ulrru.
571 205 590 252 θ,
606 203 625 244 1.

141 442 276 484 Documenta
289 439 401 485 virtutum
417 439 533 500 proposita
548 442 574 485 ut
589 454 616 485 eo
631 431 675 500 quo
691 440 750 486 filios
768 441 828 485 tanti
841 440 910 486 Patris
919 440 984 485 deeet

112 511 179 556 medo
189 512 214 557 in
228 512 287 556 vitae
301 511 428 556 rationibus
442 512 581 571 exprimant,
601 526 656 572 opus
672 515 704 557 est
721 516 748 556 ut
763 512 893 557 animorum
907 513 983 557 inten-

111 583 195 627 tionem
208 582 237 626 ab
248 583 352 643 appetitu
363 582 436 628 laudis
448 586 579 628 removeant
591 586 613 627 et
623 583 652 628 ad
661 583 730 628 solius
742 584 782 628 Dei
794 584 982 643 approbationem

112 654 219 711 dirigant.
232 654 306 698 Animi
315 655 321 698 i
325 654 388 712 gitur
397 655 488 699 morbus
503 655 543 715 qui
557 655 643 715 optimo
658 656 740 715 auique
752 655 818 699 faoile
828 655 931 699 inhaeret
941 670 982 699 eu-

111 725 196 770 raudus
215 728 253 770 est.
276 728 361 777 Quotus
379 726 440 786 enim
458 727 555 787 quisque
572 729 605 773 est
620 724 713 787 qui'etsi
729 727 805 771 earnis
821 726 937 770 illecebras
960 730 982 770 ei

112 797 244 842 divitiarum
254 798 403 842 incitamenta
414 812 519 855 generose
529 799 679 858 superaverit,
691 813 737 843 non
749 798 885 858 quandoque
895 797 982 855 gloriae

111 868 238 913 titillatione
255 883 277 913 se
290 869 382 912 inuitari
396 870 490 912 sentiet?
503 873 577 921 Quare
591 869 691 913 Christus
708 871 813 914 intimam
834 870 893 913 hane
910 869 982 913 animi

112 938 277 996 aegritudinem
289 939 369 983 sedulo
386 953 431 984 esse
445 939 572 984 sanandam
587 939 663 994 docet,
675 940 757 999 idque,
776 943 801 984 ut
816 944 882 984 antea
896 941 920 984 in
935 940 981 983 alio

111 1011 220 1054 virtutum
228 1025 321 1067 genere,
335 1010 442 1069 exemplis
452 1026 463 1054 e
476 1010 554 1054 media
563 1011 610 1055 vita
623 1025 708 1069 usuque
717 1010 859 1070 depromptis
868 1011 966 1056 illustrat
974 1039 990 1067 ,r

111 1081 157 1125 seil.
169 1082 193 1125 in
203 1081 359 1139 eleemosyna,
373 1081 397 1124 in
409 1080 556 1141 orationepin
565 1080 661 1134 ieiunio,
674 1073 832 1125 simuldoeens
843 1082 904 1125 hisee
914 1082 981 1125 bouis

111 1153 215 1211 operibus
228 1167 273 1196 esse
285 1152 445 1196 insistendum.
795 1157 797 1160 '

306 1289 323 1336 bl
337 1291 369 1324 De
382 1291 444 1325 modo
457 1271 524 1325 dandi
538 1292 700 1335 eleemesynam
713 1291 784 1334 6,1-4.

136 1405 171 1445 td.
190 1405 282 1438 Attendite
298 1413 323 1437 ne
343 1404 432 1437 iustitiam
451 1406 532 1437 uestram
553 1390 554 1393 Ἰ
583 1403 619 1443 ai.
637 1401 727 1449 Προσέχετε
743 1399 774 1445 τὴν
790 1401 892 1446 δικαιοσύνην
901 1401 946 1449 ὑμῶν
958 1403 980 1449 μὴ

111 1465 183 1498 faciatis
198 1473 259 1498 eoram
275 1463 383 1497 hominibus
400 1464 420 1495 ut
434 1463 532 1496 videamini
558 1461 610 1496 ποιεῖν
631 1460 720 1508 ἔμπροσθεν
737 1464 771 1495 τῶν
793 1459 881 1507 ἀνθρώπιον
901 1460 940 1508 πρὸς
961 1461 981 1496 τὸ
1005 1462 1008 1469 ’

110 1525 133 1557 ab
142 1524 272 1565 eis;aliouuin
280 1522 387 1556 mercedem
396 1531 433 1555 non
441 1522 531 1556 habebitis
558 1518 635 1562 θεαθῆναι
651 1518 714 1563 αὐτοῖς,
729 1517 775 1553 εἰδὲ
792 1519 814 1565 μή
832 1532 858 1565 γε,
870 1520 926 1566 μισθὸν
950 1519 981 1555 οὖν.

84 1581 86 1583 ’
111 1583 160 1626 apud
174 1583 247 1616 Patrem
256 1583 339 1616 vestrum
348 1583 380 1624 qui
392 1583 411 1615 iu
427 1582 482 1616 uoelis
495 1583 530 1615 esi,
558 1576 605 1624 ἔχετε
619 1578 662 1626 παρὰ
674 1581 697 1625 τῷ
713 1578 764 1625 πατρὶ
779 1578 826 1625 ὑμῶν
838 1582 862 1626 τῷ
876 1569 936 1620 ἐντοῖς
951 1579 979 1615 σιλ-

98 1642 127 1677 t.
144 1643 190 1677 Oum
206 1651 250 1685 ergo
265 1641 310 1676 lauis
329 1642 475 1684 eleemosynam,
492 1642 531 1674 noli
557 1638 619 1684 ρανοῖς.
643 1641 659 1674 λ,
680 1639 719 1673 ὅταν
737 1634 768 1673 οὖν
791 1640 838 1685 ποιῇς
857 1638 978 1686 ἐλεημοσύνην,

111 1703 154 1736 tuba
172 1711 237 1736 canere
254 1702 297 1735 ante
312 1703 341 1741 te,
362 1701 409 1735 sieut
425 1701 531 1744 hypocritae
558 1695 580 1744 μὴ
596 1696 675 1746 σαλπίσῃς
689 1697 781 1745 ἔμπροσθέν
797 1710 835 1741 σου,
852 1699 905 1746 ὥσπερ
916 1698 980 1734 aim-

110 1763 180 1796 iaeiunt
189 1763 208 1795 in
218 1762 319 1803 synagogis
330 1761 348 1794 ei
355 1761 375 1793 in
384 1761 436 1800 uicis,
445 1762 465 1794 ut
473 1761 531 1794 hono-
557 1755 611 1803 κριταὶ
619 1758 691 1791 ποιοῦσιν
701 1756 716 1792 ἐν
724 1758 761 1797 ταῖς
771 1756 875 1806 συναγωγαῖς
883 1758 909 1792 καλ
917 1757 932 1793 ἐν
943 1761 980 1800 ταῖς
1002 1758 1004 1761 ’

111 1822 205 1855 rifieentur
214 1822 236 1854 ab
247 1820 364 1859 lioruinihus;
377 1828 431 1852 amen
445 1820 484 1852 dieo
496 1830 531 1853 vo·
556 1815 621 1862 ῥύμαις,
631 1817 674 1857 ὅπως
684 1815 784 1867 δοξασθῶσιν
794 1815 826 1851 ὀπο
839 1820 871 1851 τῶν
881 1816 977 1865 ἀνθρώπων·

110 1882 148 1921 bis]
162 1883 270 1922 receperunt
285 1878 391 1912 mercedem
406 1887 464 1914 suam.
478 1879 495 1911 3,
506 1879 532 1912 Te
558 1874 601 1922 ἀμὴν
611 1874 655 1922 λέγω
667 1874 715 1923 ύμῖν,
729 1874 819 1922 ἀπέχουσιν
833 1876 861 1911 τὀν
875 1877 931 1923 μισθὸν
948 1878 980 1912 αύ-

110 1942 172 1975 autem
186 1940 264 1973 iaciente
274 1939 414 1979 eleemosynam
426 1939 531 1972 neseiatsi-
556 1938 596 1970 τῶν.
613 1937 630 1970 3.
647 1936 676 1969 σού
693 1934 710 1970 δὲ
724 1937 812 1976 ποιοῦντος
828 1935 938 1982 ἐλεημοσύνην
956 1937 979 1985 μὴ

110 1999 168 2032 nistra
176 1999 207 2032 tua
218 1997 261 2039 quid
271 1996 328 2030 iaciat
340 1996 417 2029 dextera
432 1996 470 2036 tua,
485 1996 501 2030 l,
511 1996 532 2029 ut
556 1993 634 2038 γνώπωὴ
645 1993 720 2042 ἀριστερά
726 2007 756 2029 σου
770 1995 786 2030 σι’
791 1996 838 2030 ποιεῖ
845 1995 854 2040 ἡ
862 1995 904 2037 δεξιά
912 2009 947 2040 σου,
961 2000 977 2033 4.

110 2060 133 2093 sit
142 2058 297 2098 eleemosynatua
304 2057 325 2089 in
335 2055 442 2088 abseondito
451 2057 469 2089 et
476 2056 530 2090 Pater
556 2052 597 2094 θπως
607 2049 617 2102 ᾗ
628 2066 656 2088 σου
665 2053 675 2098 ἡ
683 2053 787 2101 ἐλεημοσύνη
798 2047 814 2089 ἐν
823 2059 847 2103 τῷ
857 2060 921 2104 ἰηοπιῷ
928 2057 956 2091 καὶ
969 2057 978 2091 ὁ

109 2119 152 2152 tuns
162 2118 193 2159 qui
202 2116 251 2149 uidet
265 2116 284 2147 in
294 2114 404 2147 abscondito
414 2114 477 2146 reddet
488 2115 528 2147 tibi.
557 2112 610 2159 παιήρ
617 2113 659 2147 οσοὸ
667 2113 729 2159 βλέπων
737 2113 754 2148 ἐν
760 2118 784 2161 ,τῷ
789 2118 854 2161 κρυπτῷ
859 2113 977 2152 ἀπσδολσεισοι.

133 2243 154 2275 In
164 2251 182 2275 v.
194 2242 200 2274 l
213 2241 234 2274 Ti
242 2250 329 2286 προςιχεπε
340 2237 359 2271 δε
371 2247 412 2272 eum
421 2239 482 2280 NLZ,
495 2239 589 2282 aliquibus
599 2241 675 2274 minuse.
686 2238 794 2283 g1oopsyr
805 2219 900 2286 (utrl'uetlr
911 2242 938 2285 Op
943 2252 948 2283 ;
960 2246 980 2278 at

108 2303 128 2335 in
134 2302 175 2345 pler
181 2300 228 2335 oodd
237 2300 287 2334 deest
294 2298 321 2339 be,
330 2299 357 2332 uti
366 2300 422 2333 etiam
431 2299 450 2331 in
458 2307 482 2340 vg
489 2308 512 2341 go
520 2307 552 2340 syr
561 2296 595 2345 (eu)
604 2299 641 2333 Ohr
650 2300 679 2333 Hil
688 2301 705 2333 al
710 2309 714 2341 ς
723 2301 790 2342 legunt
798 2301 860 2334 statim
866 2298 979 2347 ελεημοσυνην

109 2361 191 2396 EKLll
199 2358 210 2395 S
217 2360 233 2393 U
241 2360 253 2394 Z
260 2356 293 2391 aii
303 2360 321 2393 al
331 2359 373 2401 pler
382 2358 388 2390 i
396 2358 408 2389 λι
417 2367 447 2399 syr
457 2356 479 2403 (p)
490 2368 513 2401 go
524 2367 565 2393 arm
576 2359 619 2393 Chr.
631 2359 653 2392 ln
662 2369 679 2400 ν.
690 2360 699 2392 3
709 2360 801 2402 praebent
809 2369 832 2393 ne
843 2361 888 2394 scta
896 2362 980 2396 eav‘iuid
1044 2361 1046 2367 ⁴

58 2439 59 2442 =
110 2422 135 2455 tol
145 2429 188 2463 corp
199 2420 258 2462 stepln
270 2418 291 2450 ln
300 2428 320 2452 v.
332 2417 342 2450 4
352 2418 421 2459 legitur
430 2428 477 2455 αοπις
489 2417 573 2451 απσόωσει
586 2419 605 2451 λιι
618 2419 633 2451 D
641 2419 679 2453 ΕΜ
687 2419 699 2452 S
706 2416 739 2450 ΔΠ
753 2419 771 2451 al
781 2419 800 2460 pl
808 2419 820 2451 λι
829 2428 841 2461 q
850 2427 882 2460 syr
892 2417 939 2465 (seh,
949 2423 978 2464 p);

110 2480 183 2513 additur
193 2488 266 2521 quoque
276 2487 292 2509 εν
300 2472 325 2509 τοι
332 2486 398 2520 ηανιριο
407 2477 427 2508 λιι
436 2477 472 2509 ΕΚ
479 2477 515 2510 Lil
524 2476 537 2510 S
545 2476 562 2509 U
570 2475 655 2518 auerg1
661 2478 689 2519 qu
702 2477 731 2509 sin
741 2475 789 2521 (seh,
801 2476 818 2521 p)
827 2487 851 2519 go
860 2487 898 2512 arm
908 2481 949 2513 aoth
961 2482 980 2515 ai

110 2539 168 2574 Oonst
179 2538 215 2572 Ohr
226 2537 253 2579 Op
264 2537 298 2577 al.;
310 2535 344 2569 sed
355 2535 406 2569 deest
416 2535 435 2567 in
444 2541 457 2572 Ν
465 2535 479 2568 B
486 2536 500 2568 D
509 2536 521 2568 Z
535 2534 541 2567 i
553 2535 576 2569 22
588 2535 619 2568 108
631 2535 663 2570 209
676 2536 722 2570 eodd
731 2545 754 2577 gr
764 2536 814 2579 apud
824 2538 866 2579 Aug
875 2538 889 2572 si
894 2536 897 2558 ¹
906 2540 919 2573 λι
929 2549 953 2582 vg
963 2540 980 2573 ir

109 2608 142 2632 sax
152 2607 185 2640 eop
194 2605 224 2639 syr
236 2594 268 2641 (eu)
280 2595 319 2639 (λιιι)
330 2595 373 2636 Aug
382 2595 426 2627 Hier
434 2593 500 2629 Clnom
508 2594 644 2631 al.lmmediate
651 2595 674 2630 ad
680 2596 765 2631 anteced.
772 2598 802 2630 sin
809 2607 827 2630 ν.
837 2599 843 2631 λ
853 2600 871 2632 et
877 2607 900 2632 ne
906 2598 983 2631 laetatis,

138 2726 164 2765 ln
176 2719 330 2779 superioribus
347 2717 443 2762 ostendit
456 2718 556 2762 Christus
569 2732 615 2762 non
628 2732 673 2762 esse
685 2717 875 2777 acquiescendum
889 2717 979 2763 litterae

109 2794 176 2850 legis⁷
188 2806 265 2836 rerum
278 2806 300 2835 se
311 2806 325 2835 a
335 2790 381 2834 suis
391 2791 502 2848 postulare
511 2789 624 2835 iustitiam
639 2803 688 2834 eam
702 2804 760 2848 quae
771 2788 868 2832 multum
882 2789 979 2833 emineat

109 2878 165 2924 prae
177 2864 260 2907 iustitia
272 2862 445 2921 pharisaeorum
461 2876 486 2905 au
498 2861 709 2916 scribarun13nuue
723 2860 789 2903 dotet
800 2860 912 2917 quornodo
923 2875 978 2904 ean·
1001 2915 1004 2920 r

44 2972 46 2976 .
110 2937 162 2981 dem
173 2935 280 2978 iustitiam
289 2933 462 2992 pharisaeorum
479 2947 587 2993 superare
598 2932 694 2976 debeant
703 2932 727 2975 in
740 2929 809 2974 modo
820 2934 841 2974 et
852 2931 979 2978 intentione

110 3006 209 3052 faciendi
226 3020 251 3049 ea
265 3019 323 3062 (piae
339 3005 383 3048 sini
396 3005 440 3049 suis
454 3005 585 3049 eommunia
598 3018 650 3047 eum
659 3002 703 3046 illis
720 3001 808 3061 (luna).
824 3006 900 3062 ltaque
915 3003 978 3063 quod

110 3084 162 3133 520
173 3078 268 3130 dixerat,
281 3075 376 3119 ulterius
389 3076 483 3134 explieat
494 3080 515 3120 et
527 3076 635 3119 intimam
649 3074 719 3118 animi
736 3074 887 3118 intentionem
898 3089 978 3118 emun-

111 3153 156 3196 dat.
177 3148 284 3209 Operibus
303 3148 381 3191 autem
398 3146 463 3191 bonis
481 3147 551 3191 hostis
567 3146 673 3190 imminet
686 3145 751 3190 valde
765 3147 915 3205 perniciosus,
937 3161 979 3205 ap-
