2211 3575
396 291 397 294 Ἴ
462 235 537 273 nitran.
554 233 573 282 8,
590 231 622 272 tt).
951 232 987 271 371

103 331 170 376 lsrael
182 333 271 376 tantam
281 331 395 378 invenisse
406 333 475 378 fidem
484 348 488 389 ;
498 348 564 378 nemo
575 332 623 378 scil.
636 347 661 377 ex
668 332 737 377 lsrael
747 330 858 377 aChristo
868 333 933 376 tanta
941 330 987 375 fide

102 399 319 463 sanationem'petiit
327 408 413 463 quanta
421 405 459 449 hic
468 404 533 464 petiit
540 403 643 458 centurio
653 405 721 463 (Tost.
731 402 808 464 Bor.);
818 418 876 462 ergo
885 416 986 462 eousque

103 489 169 518 nemo
184 479 315 520 occurrerat
326 476 413 521 Christo
422 475 468 536 'qui
481 479 545 520 tanta
556 476 602 520 fide
611 475 750 519 beneficium
763 475 869 520 sanitatis
880 473 985 535 postula-

103 548 137 589 ret
147 548 169 589 et
179 545 237 589 adeo
247 546 369 591 sublimem
379 547 407 591 de
418 546 501 591 Christi
510 547 613 604 potentia
621 545 737 590 notionem
747 545 852 591 haberet.

127 640 169 680 Alii
181 644 254 681 autern
266 642 372 695 explicant
384 634 454 682 Iesum
469 653 540 681 revera
553 653 595 681 non
610 653 656 681 esse
671 641 779 689 miratum,
795 641 832 681 sed
848 641 890 682 diei
906 641 985 682 solum-

102 706 166 746 modo
177 708 202 745 ut
212 718 250 748 nos
260 708 388 747 miraremur
395 703 419 746 'et
429 705 486 758 quod
499 706 625 746 admodum
637 705 730 745 hominis
740 705 838 761 mirantis
850 707 935 747 locutus
948 706 983 745 sit.

101 771 125 810 ln
134 783 201 824 quam
212 772 341 813 sententiam
352 770 374 811 S.
386 770 440 825 naq.
451 771 567 828 concedere
574 771 658 811 videtur
669 770 761 811 scribens
773 782 777 809 :
790 786 799 808 a
811 771 910 824 quisquis
919 771 985 811 mira-

101 838 142 886 tur,
154 837 252 888 profecto
265 833 571 877 secundumconsuetudinem
585 847 627 888 qua
640 836 737 876 homines
750 837 871 888 loquuntur
885 836 984 888 inopina-

100 904 148 940 tum
164 903 229 953 atque
245 902 385 954 improvisum
400 902 440 942 sibi
456 913 502 942 esse
516 902 620 954 significat
634 902 690 954 quod
705 902 805 951 miratum
821 902 859 942 sed
874 904 934 942 lesus
948 901 984 953 qui
1033 933 1034 936 η

101 967 173 1006 omnia
183 967 316 1019 praesciebat
324 967 381 1019 quod
391 967 511 1008 mirandum
523 968 569 1008 aliis
577 967 740 1008 commendabat
750 966 849 1007 mirando
860 967 961 1008 laudabat
972 983 982 1004 a

102 1031 184 1085 (contra
197 1032 343 1073 adversarium
356 1033 409 1085 legis
420 1036 441 1073 et
454 1033 529 1085 proph,
542 1035 585 1082 r,7;
600 1032 628 1073 ll.
639 1033 720 1087 ttulit)
733 1035 753 1074 et
766 1032 832 1072 alibi:
846 1049 856 1070 «
870 1032 982 1073 admiratio

100 1109 174 1157 revera
184 1098 211 1138 dc
225 1099 289 1139 rebus
303 1099 416 1150 insperatis
428 1098 485 1138 nasci
499 1099 576 1138 solet...
589 1099 645 1150 quod
660 1099 716 1139 enim
727 1098 818 1139 miratur
829 1098 933 1139 Dominus
942 1110 982 1138 no-

100 1164 149 1210 ster,
160 1163 223 1202 nobis
237 1163 359 1203 mirandum
375 1175 420 1203 esse
436 1163 540 1214 signifieat
552 1164 630 1215 quibus
642 1163 711 1203 adhuc
725 1166 757 1204 est
770 1175 825 1215 opus
841 1164 871 1203 sic
887 1164 980 1213 moveri3

99 1238 174 1268 omnes
186 1229 296 1283 ergotales
307 1231 380 1268 motus
388 1228 434 1268 eius
446 1239 488 1268 non
497 1228 614 1280 perturbati
624 1228 688 1267 animi
698 1230 746 1269 sunt
757 1228 824 1280 signa,
835 1228 874 1268 sed
885 1227 982 1268 docentis

98 1291 217 1345 magistri»
233 1292 268 1346 (de
284 1294 359 1334 Genesi
374 1297 448 1335 contra
463 1294 551 1334 llanich.
568 1295 608 1344 t,8.
626 1294 659 1342 tn
673 1293 700 1333 tl.
714 1295 746 1342 34,
762 1293 816 1346 180).
829 1294 898 1346 Atque
914 1292 980 1333 Mate.

99 1359 187 1410 quidem
196 1358 256 1398 illam
267 1359 431 1411 explicationem
442 1371 466 1400 ex
476 1359 563 1399 scientia
570 1358 730 1412 experimentali
740 1358 833 1410 petitam
840 1370 883 1399 non
893 1359 980 1410 probat;

100 1439 110 1460 r
126 1424 265 1476 experientia,
281 1424 360 1476 inquit,
375 1436 418 1464 non
431 1427 502 1477 potest
516 1424 679 1464 admirationem
693 1425 767 1465 afferre
782 1424 809 1463 iis
826 1424 861 1475 qui
876 1424 982 1476 quidquid
1048 1455 1050 1459 .

98 1489 238 1541 experiuntur
254 1490 326 1530 animo
341 1493 537 1542 praesumpserunt,
553 1489 672 1530 cuiusmodi
689 1490 795 1530 Christum
814 1489 880 1530 fuisse
898 1491 981 1529 certum

98 1557 129 1594 est
140 1571 149 1592 a
157 1565 165 1604 ;’
174 1566 240 1606 quare
253 1557 315 1607 putat
328 1555 435 1595 Christum
449 1556 521 1595 mirari
532 1555 580 1604 dici,
592 1554 647 1610 sicut
659 1555 720 1595 irasci
734 1555 819 1595 dicatur
831 1556 900 1603 Deus,
917 1570 927 1592 «
938 1567 981 1595 non

97 1621 155 1671 quod
165 1631 241 1660 rexere
254 1620 366 1669 irascatur,
378 1621 415 1660 sed
429 1620 487 1672 quod
501 1620 575 1672 puniat
588 1620 645 1673 quod
655 1620 752 1673 homines
762 1620 811 1660 irati
825 1620 895 1660 facere
910 1621 980 1660 solent

97 1686 127 1725 sic
137 1684 233 1726 Christus
247 1685 335 1725 miratus
348 1685 432 1733 dieitur,
444 1697 485 1725 non
500 1686 556 1737 quod
569 1687 666 1734 miratus,
678 1686 714 1726 sed
728 1685 785 1738 quod
799 1685 926 1725 admodum
937 1686 979 1725 mi-

97 1751 163 1790 rantis
173 1750 269 1790 hominis
279 1750 362 1790 locutus
374 1745 403 1790 sit
412 1743 430 1788 a.
440 1752 466 1790 At
477 1752 619 1791 communiter
627 1753 698 1791 tamen
711 1751 764 1791 duce
774 1750 794 1790 S.
807 1750 890 1790 Thoma
902 1751 980 1791 docent

97 1815 191 1868 theologi
200 1815 223 1854 in
233 1815 317 1855 Christo
328 1827 353 1855 ex
361 1815 451 1856 scientia
462 1816 623 1867 experimentali
634 1816 798 1856 admirationem
810 1815 878 1856 fuisse
889 1827 934 1855 non
945 1828 979 1856 so-

96 1882 140 1921 lum
154 1883 271 1930 externam,
283 1881 320 1921 sed
334 1881 398 1936 etiarn
414 1881 522 1921 internam
536 1880 571 1935 (ci.
588 1879 610 1921 S.
628 1880 645 1920 T
645 1880 697 1925 hora.
712 1883 724 1921 3
739 1893 775 1932 qu.
794 1882 819 1921 15
836 1883 876 1921 art.
894 1881 916 1930 83
933 1880 978 1921 Cat.

97 1945 181 1994 Saurea,
194 1946 220 1986 de
231 1945 386 1994 lncarnatione,
397 1946 451 1999 disp.
462 1947 488 1986 34
498 1949 548 1986 sect.
560 1946 607 1987 3ad
618 1949 657 1986 art.
669 1947 688 1987 S.
701 1946 759 1999 Th.);
769 1958 840 1998 neque
850 1946 908 1986 enim
919 1946 979 1986 Chri·
990 1971 992 1974 -

96 2015 147 2060 stus,
159 2009 223 2053 ut'ait
233 2010 293 2063 Bur,
306 2023 328 2052 se
339 2012 439 2051 admirari
449 2012 519 2062 tinxit;
530 2012 579 2053 vide
591 2014 646 2052 Tost.
659 2024 695 2064 qu.
707 2013 733 2052 34
742 2012 763 2051 in
774 2024 819 2064 cap.
832 2013 852 2051 8.

122 2079 173 2118 Cum
183 2077 278 2117 Christus
289 2077 345 2117 dicat
354 2089 397 2117 aaa
406 2077 477 2133 taceat
487 2080 526 2117 etc.
535 2078 732 2132 certecomparatio
741 2089 783 2117 non
793 2078 817 2117 fit
828 2089 877 2117 cum
887 2078 929 2117 fide
940 2091 977 2130 pa-

94 2143 236 2183 triarcharum
249 2143 356 2183 Abraham
370 2145 409 2183 etc.
424 2154 493 2194 neque
506 2138 554 2183 curn
566 2144 607 2183 tide
620 2143 704 2183 Ioannis
717 2143 829 2194 baptistae,
840 2143 978 2184 beatissimae

93 2207 193 2260 Virginis,
205 2208 243 2247 sed
257 2208 388 2260 comparatio
403 2208 529 2248 declaranda
539 2211 570 2248 est
584 2221 609 2249 ex
621 2209 652 2248 rei
665 2208 782 2257 adiunctis3
796 2220 847 2260 ergo
856 2210 882 2249 ab
892 2209 979 2260 incepta

94 2273 170 2313 Christi
181 2273 340 2323 praedicatione
352 2285 393 2323 qua
405 2271 480 2326 populi
495 2273 559 2312 tidem
570 2274 591 2313 in
602 2285 624 2312 se
638 2274 729 2314 excitare
744 2273 844 2313 studebat
858 2276 879 2313 et
893 2274 977 2314 ratione

93 2337 167 2394 hahita
177 2348 251 2377 eorum
262 2337 300 2389 qui
311 2349 404 2389 eousque
415 2338 441 2377 ad
452 2337 555 2378 Christum
564 2340 694 2379 accesserant
704 2338 784 2389 aliquid
795 2337 896 2379 beneficii
904 2341 977 2390 postu·

93 2403 168 2450 lantes.
184 2402 253 2449 Quare
269 2403 332 2442 etiam
348 2403 493 2454 quaestionem
508 2415 573 2454 quam
587 2403 652 2454 aliqui
666 2403 878 2457 operose-agitabant
889 2404 976 2444 mittere

93 2479 220 2520 possumus,
236 2468 291 2508 sitne
306 2468 359 2508 fides
372 2468 502 2509 centurionis
515 2469 584 2509 maior
599 2469 641 2509 tide
658 2469 815 2522 apostolorum,
829 2469 975 2522 Magdahnae,
1042 2491 1044 2494 ⁴
1075 2460 1077 2462 ¹

93 2534 184 2574 Marthae
199 2536 239 2573 etc.
249 2533 346 2573 Advertit
361 2532 456 2573 Tostotus
470 2546 505 2585 qu.
520 2534 580 2574 3511]
594 2546 639 2587 cap.
653 2535 681 2575 8:
694 2550 703 2572 «
717 2535 801 2587 quando
815 2535 925 2587 protertur
938 2536 977 2576 ali-

93 2599 150 2651 quod
159 2598 240 2638 dictum
250 2598 378 2649 generaliter
388 2600 513 2639 affirmative
524 2600 557 2639 vel
565 2600 670 2652 negative,
682 2600 803 2641 extenditur
812 2601 884 2641 solum
895 2601 921 2640 ad
930 2613 976 2653 per·

92 2676 153 2704 sonas
164 2675 290 2704 communes
301 2663 327 2703 de
338 2665 416 2715 quibus
425 2667 496 2717 potest
506 2665 551 2705 dari
562 2666 649 2717 aliquod
660 2678 733 2706 verum
742 2666 873 2717 generaliter
882 2678 907 2705 eo
919 2668 976 2718 quod

92 2729 140 2770 illae
155 2730 235 2770 habent
250 2741 316 2769 unum
332 2729 421 2769 modum
436 2730 468 2770 vel
483 2731 594 2782 aequalem
610 2731 664 2770 vitae
680 2734 701 2771 et
715 2730 853 2783 perfectionis
871 2747 889 2769 ».
908 2731 975 2778 Quare

92 2796 155 2835 etiam
170 2795 242 2835 omitti
258 2796 328 2848 potest
342 2794 430 2835 aliorum
446 2795 558 2847 explicatio
577 2795 640 2836 tidem
657 2795 787 2836 centurionis
803 2796 889 2836 laudari
905 2793 986 2838 solum‘

90 2860 285 2916 proportionaliter,
298 2860 347 2913 quia
362 2861 406 2900 scil.
420 2872 485 2912 parva
499 2861 551 2900 fides
566 2861 589 2900 in
603 2861 689 2901 homine
703 2860 776 2914 gentili
791 2862 861 2903 maior
876 2862 976 2905 videatur

91 2926 153 2978 quam
170 2937 248 2978 magna
261 2927 284 2967 in
298 2926 399 2975 Israelita,
416 2916 477 2966 sicuti
491 2937 554 2977 parva
569 2926 657 2966 scientia
672 2927 693 2967 in
707 2933 775 2980 p'uero
791 2929 859 2980 magis
876 2929 975 2971 laudatur

91 3003 154 3042 qnam
166 2990 242 3030 eadem
251 2991 272 3038 in
283 2992 339 3042 viro;
353 3007 362 3030 r<
374 2991 488 3032 inmodico
499 3003 596 3032 sermone
610 2992 726 3044 sapientiae
737 2994 829 3034 rusticus
839 2995 892 3047 plus
900 2995 974 3036 lauda-

90 3059 124 3096 tur
135 3067 201 3109 quarn
208 3055 232 3094 in
241 3066 317 3107 magno
328 3057 479 3110 philosophus;
491 3058 593 3109 quoniam
601 3058 707 3099 rusticum
716 3060 787 3100 dicere
797 3060 880 3112 aliquid
891 3047 974 3113 sapien-

90 3123 121 3161 ter
134 3132 237 3172 magnum
251 3123 289 3169 est,
301 3120 454 3174 philosophum
469 3125 540 3163 autem
554 3123 623 3164 dicere
640 3126 748 3177 sapienter
763 3137 806 3165 non
821 3128 855 3166 est
867 3126 947 3174 mirum
962 3141 971 3161 n

91 3185 131 3239 top.
143 3185 214 3239 imp.);
224 3185 274 3226 vide
285 3185 342 3237 quui
351 3185 418 3227 Saltu.
428 3192 479 3228 tom.
492 3189 504 3228 6
514 3192 575 3230 tract.
587 3191 619 3236 ⁶2⁶2,
629 3189 685 3243 laras,
697 3190 747 3230 Bur.

368 3252 526 3290 Kxxnunnxoanrx
537 3259 604 3292 literni.
616 3259 629 3291 l.
641 3277 662 3284 -·
673 3262 696 3293 132
