2211 3575
485 234 562 282 narra.
575 236 612 289 n,
628 241 661 281 25.
976 240 1013 280 515

127 343 251 389 'vaticinati
267 334 310 390 sint
328 342 501 406 (11,13),cuius
520 345 596 388 autem
614 337 814 387 babitus'hu'milis
831 338 928 384 minime
945 337 1013 382 debet
1078 353 1080 355 ·
1104 338 1105 341 ’

136 429 182 459 esse
194 415 318 473 offensioni
336 414 416 476 (11‚6).
436 412 470 461 Ad
489 414 580 475 qualem
594 412 749 471 cognitionem
762 413 799 457 isti
812 410 904 473 paruuli
917 409 953 455 vel
965 409 1012 453 iam
1054 409 1055 413 ’

135 487 282 545 pervenerint
301 488 338 532 vel
350 486 478 539 adducendi
497 487 554 540 sint,
574 485 599 528 in
619 484 766 544 sequentibus
784 499 806 527 v.
821 487 892 529 27-30
910 481 1012 527 Christus

135 557 239 616 pluribus
256 558 359 617 explicat.
377 551 481 610 Quamvis
499 557 601 601 Christus
617 556 721 616 proxime
740 555 768 599 de
784 554 872 599 Iudaeis
888 552 1011 598 incredulis

136 627 199 672 etde
213 629 259 673 suis
271 628 386 689 discipulis
400 629 516 688 loquatur,
530 629 607 672 tamen
619 628 647 673 iis
663 627 735 676 utitur
754 623 946 687 expressionibus,
961 623 1011 683 qui-

125 698 177 742 ·bus
192 713 251 759 quae
263 714 352 760 semper
365 703 387 743 et
398 699 422 742 in
433 697 566 762 universum
580 712 632 741 vera
645 701 697 741 sunt
711 696 882 759 significantur.¹
892 694 1009 756 Sapientia

135 770 173 813 Dei
186 773 207 814 et
220 771 328 828 mysteria
340 769 406 827 regni
421 769 461 812 Dei
475 768 570 827 eiusque
581 766 642 812 bona
656 767 827 824 absconduntur
841 782 854 811 a
868 766 1009 825 sapientibus
1041 782 1043 787 ·

87 832 88 835 ¹
134 839 179 883 illis
188 840 217 885 de
232 840 315 900 quihus
324 841 369 884 iam
379 839 446 902 lsaias
460 852 465 883 :
481 854 523 884 vae
533 839 573 899 qui
586 838 699 898 sapientes
713 838 765 881 estis
777 838 803 881 in
813 838 883 882 oculis
893 837 971 881 vestris
987 840 1009 882 et

135 925 213 955 coram
227 909 391 971 vobismetipsis
403 909 527 971 prudentes
541 909 577 969 (Is.
590 912 653 965 5213
669 910 696 965 cf,
712 912 777 954 Prcv.
786 912 832 965 3,'1.
845 910 910 953 Rom.
922 907 1008 967 1216),
1041 905 1043 907 ’

124 974 271 1027 'revelantur‘
281 985 357 1027 autem
369 982 483 1042 parvulis,
496 979 545 1042 'qui
557 996 580 1027 se
592 981 636 1025 illis
649 980 755 1038 indigere
767 980 878 1037 sentiunt,
896 980 936 1039 qui
954 979 1008 1024 sim-

132 1052 236 1112 plices'et
245 1054 344 1098 humiles
355 1067 377 1097 se
387 1054 412 1098 in
422 1053 524 1097 divinam
535 1052 628 1097 tradunt
637 1051 791 1112 disciplinam3
804 1065 859 1096 narn
872 1053 898 1095 ut
908 1050 940 1095 ait
951 1049 1009 1110 apc-'
1031 1067 1043 1076 ’-

133 1123 202 1168 stolus
207 1125 219 1169 ²:
232 1123 370 1188 quaestulta
384 1126 436 1169 sunt
447 1124 527 1168 mundi
538 1113 674 1182 elegitlleus
685 1125 707 1167 et
715 1120 809 1180 infirma
818 1121 899 1167 muudi
909 1125 931 1167 et
938 1123 1006 1180 igno-

61 1224 62 1228 η
133 1193 189 1257 bilia
199 1194 280 1239 mundi
289 1197 311 1239 ct
319 1209 346 1239 ea
355 1209 414 1254 quae
421 1196 469 1238 'non
477 1196 539 1249 sunt,
548 1198 573 1241 ut
583 1195 630 1238 scil.
639 1208 707 1238 nemo
715 1194 740 1238 in
747 1208 770 1238 se
780 1194 899 1251 glorietur,
910 1192 950 1237 sed
957 1195 1005 1238 tota
1052 1243 1053 1246 Ἴ

133 1264 208 1322 gloria
219 1264 331 1310 redundet
340 1265 364 1309 in
374 1268 445 1310 Deum
455 1264 477 1324 (1
488 1267 538 1332 Cor.
553 1268 631 1331 1213
650 1263 665 1323 ).
708 1266 710 1268 ’

162 1338 208 1386 Quo
214 1350 281 1381 sensu
287 1339 364 1381 autem
370 1339 428 1380 Deus
434 1336 523 1379 dicatur
532 1335 688 1391 abscondisse,
698 1335 794 1379 dubium
801 1350 848 1380 esse
854 1335 941 1393 nequit.
950 1339 1007 1380 Nam

133 1420 185 1449 eum
199 1421 246 1450 non
258 1407 352 1466 proprie
367 1395 519 1462 abscondisse,
534 1406 581 1451 iam
596 1421 622 1450 cx
638 1420 664 1449 eo
677 1405 761 1450 clarius
772 1405 823 1450 luce
836 1407 868 1450 est
881 1406 936 1465 quia
948 1405 1009 1450 misit
1059 1432 1060 1437 ν

132 1475 211 1520 Filium
223 1477 263 1536 qui
273 1477 304 1521 eis
312 1477 458 1537 praedicaret·
466 1477 534 1537 etqui
543 1475 672 1534 insignibus
682 1476 799 1520 miraculis
806 1476 883 1537 qualia
892 1491 960 1520 nemo
966 1477 1008 1520 lio-

114 1561 116 1565 ’
131 1547 219 1591 minum
234 1562 337 1607 unquam
354 1547 407 1592 fecit
420 1562 482 1592 suam
498 1548 635 1605 legationem
651 1550 673 1591 ct
686 1547 813 1591 doctrinam
827 1547 1005 1592 luculentissime

98 1666 102 1677 ¹
131 1617 247 1676 probavit,
262 1617 299 1662 eui
311 1618 382 1676 igitur
396 1620 461 1663 Pater
469 1619 676 1678 praeclarissimum
688 1619 833 1677 maximeque
849 1618 927 1662 efficax
939 1619 1003 1663 testi-

130 1689 233 1751 monium
243 1688 361 1748 perhibuit
372 1688 440 1749 (leani
450 1693 503 1745 5,36
512 1688 579 1748 serp).
590 1689 654 1733 Venit
664 1690 741 1748 itaque
750 1689 790 1732 lux
800 1689 827 1733 in
838 1688 965 1745 mundum;
981 1692 1004 1734 at
1073 1706 1076 1708 ·

131 1758 259 1803 dilexerunt
269 1760 373 1804 homines
386 1760 459 1818 magis
473 1760 578 1805 tenebras
593 1749 662 1819 quam
674 1759 760 1812 lucem;
775 1761 839 1804 erant
852 1759 912 1804 euim
925 1775 1005 1804 eorum

131 1829 274 1889 malaopera
287 1829 357 1889 (loan.
373 1830 444 1889 3,19).
458 1824 581 1891 Abscondit
590 1833 670 1887 ¹'autem
683 1845 709 1875 eo
720 1829 789 1874 modo
800 1830 854 1890 quia
864 1844 916 1875 curn
927 1832 1007 1889 gratiis

132 1899 215 1944 oblatis
229 1901 370 1955 resisterent,
383 1901 472 1956 neniis
488 1900 593 1961 apposuit
606 1901 660 1945 alias
677 1901 750 1945 multe
766 1901 904 1960 potentiores
922 1902 1008 1962 quibus

132 1984 210 2014 corum
221 1971 333 2015 malitiam
340 1971 431 2016 vincere
441 1972 560 2031 potuisset,
570 1972 610 2015 sed
620 1971 713 2031 reliquit
725 1971 792 2017 cosin
801 1972 841 2016 illa
849 1972 1006 2017 obcaecatione
1022 2025 1023 2029 Ἰ

131 2041 156 2084 in
166 2054 235 2099 quam
243 2040 288 2100 ipsi
296 2054 344 2085 sese
356 2041 445 2105 veritati
456 2041 583 2086 obnitentes
592 2038 758 2087 immerserant.
770 2042 846 2086 Noluit
855 2042 919 2101 quasi
929 2044 1005 2088 invitis

133 2112 207 2155 lucem
219 2125 284 2155 suam
297 2114 319 2155 et
331 2113 429 2168 gratiam
441 2111 576 2168 obtrudere,
591 2112 630 2157 sed
642 2112 737 2157 tradidit
750 2127 787 2157 ecs
800 2113 838 2172 qui
852 2127 875 2156 se
886 2113 946 2172 ipsos
957 2124 1007 2158 ma-
1069 2167 1070 2170 Ἰ

132 2182 195 2225 litiae
208 2182 394 2241 mancipaverant
406 2182 431 2225 in
443 2182 568 2242 reprobum
581 2197 672 2227 sensum
684 2182 845 2242 (Roms1,28).
857 2186 917 2228 Bene
931 2189 1008 2229 monet

133 2254 157 2297 S.
170 2252 287 2310 Cbrpuicl
297 2252 360 2311 quod
369 2252 467 2311 legimus
479 2256 543 2297 Rom.
556 2254 747 2313 10‚3e11¹liecpt.
759 2254 820 2298 hanc
831 2254 896 2298 affert
903 2255 1009 2300 obcaeca-
1044 2254 1045 2257 ’

134 2323 200 2366 tionis
212 2337 304 2367 causam
315 2337 320 2368 ε
337 2342 346 2363 u
359 2324 398 2382 qui
407 2323 498 2367 videtur
507 2323 551 2368 sibi
560 2324 650 2383 sapiens
660 2327 682 2368 et
694 2319 789 2368 confidit
800 2324 825 2368 in
835 2325 946 2384 sapientia
955 2340 1006 2382 sua,

132 2397 202 2438 Deum
211 2408 259 2438 non
266 2393 357 2437 invocat
366 2407 389 2448 »;
401 2408 467 2438 omne
476 2396 553 2439 autem
562 2394 648 2439 honum
658 2393 774 2448 descendit
783 2410 797 2439 a
806 2397 872 2440 Patre
880 2394 1006 2451 luminum3

134 2464 174 2524 qui
187 2468 259 2509 Deum
271 2478 318 2509 nou
331 2466 391 2520 orat,
407 2464 451 2517 sibi
464 2455 593 2510 adscribere
603 2465 671 2510 debet
681 2465 699 2510 si
707 2465 853 2525 relinquatur
862 2466 888 2511 in
897 2467 1004 2514 tenebris.

163 2534 225 2585 Quod
233 2535 1008 2598 diciturqcicabscondisti...atreoelcstidupliciterintelligipotest3
1061 2589 1063 2592 Α

133 2620 179 2650 uno
192 2606 274 2660 modo,
285 2610 311 2650 ut
320 2607 383 2667 prius
392 2609 489 2653 verbum
499 2607 636 2654 abscondisti
643 2621 689 2653 non
698 2611 797 2669 ponatur
806 2609 954 2669 paralactioe,
969 2598 1009 2655 sed

133 2677 199 2722 alteri
211 2676 385 2732 subordinatum
402 2679 435 2724 ita
454 2680 477 2724 S.
496 2680 575 2740 Chrys.
593 2694 600 2724 :
619 2698 630 2722 u
645 2679 702 2740 quid
720 2679 798 2737 igitur,
815 2693 845 2724 an
860 2680 888 2724 de
906 2679 1009 2738 pernicie

133 2754 233 2812 gaudet?
245 2754 345 2810 Minime,
358 2755 398 2800 sed
410 2755 496 2813 gaudet
505 2756 537 2798 ὅτι
547 2760 560 2798 a
570 2754 587 2798 οἱ
597 2752 653 2815 σοφοὶ
663 2757 698 2798 οὐκ
707 2754 796 2815 ἔγνωσαν
805 2753 896 2815 ἔγνωσαν
905 2752 973 2811 οὗτοι,
983 2755 1009 2796 ut

134 2840 186 2869 cum
201 2825 257 2870 dicit
274 2826 355 2871 Paulus
374 2840 379 2872 ε
399 2827 484 2884 gratias
501 2842 544 2884 ago
560 2830 604 2871 Deo
623 2827 732 2886 quoniam
744 2826 818 2870 fuistis
834 2827 893 2871 servi
908 2831 1007 2888 peccati,

134 2895 242 2940 obedistis
258 2900 336 2942 eutem
350 2912 376 2941 cx
391 2897 471 2952 corde;
487 2912 534 2942 non
549 2911 603 2955 ergo
614 2897 694 2941 Paulus
709 2899 831 2957 propterca
842 2890 931 2958 'gaudet
947 2901 1009 2959 quod

121 2969 207 3032 'essent
216 2969 275 3012 servi
289 2969 387 3028 peccati,
404 2969 443 3013 scd
456 2968 518 3029 quod
530 2968 587 3029 tales
600 2983 651 3013 cum
659 2971 735 3014 ‘essent
745 2969 847 3014 tctbcna
857 2970 950 3015 tandem
965 2971 1009 3016 sint

132 3036 247 3094 consecuti
255 3050 279 3090 »3
291 3039 396 3086 similiter
408 3040 481 3086 Calm.
489 3043 558 3101 atque
567 3041 599 3085 ita
607 3055 661 3085 sane
671 3040 744 3101 accipi
756 3040 823 3085 debet
833 3043 860 3085 ls.
874 3045 925 3096 121
939 3056 943 3086 :
955 3056 1008 3085 con-

133 3108 215 3153 fitebor
224 3107 267 3152 tibi
274 3111 367 3155 Domine
378 3114 486 3171 quoniam
497 3113 567 3157 iratus
576 3127 598 3157 cs
611 3112 679 3168 mihi,
690 3127 810 3158 conversus
817 3115 849 3157 est
857 3112 922 3156 furor
929 3115 978 3156 tuus
986 3114 1007 3155 et

131 3180 260 3234 consolatus
266 3194 289 3224 es
295 3194 331 3224 me
341 3181 356 3223 i.
368 3197 386 3225 e,
396 3183 466 3228 laudo
474 3187 497 3229 tc
508 3182 563 3245 quia
571 3186 693 3244 postquam
702 3184 760 3229 mihi
769 3182 912 3240 succensuisti
922 3182 1006 3226 iterum
