2211 3575
440 202 515 233 suarm.
531 193 551 241 9,
568 192 637 232 33-3u
933 192 970 239 iai

101 292 187 336 Christo
200 295 236 338 tot
248 293 323 351 signa,
342 296 391 337 tam
408 292 563 349 admirabilia,
584 295 632 337 tam
650 291 761 346 aeleriter,
776 304 851 350 neque
871 290 974 333 eontaetu

101 366 199 420 tantum,
214 365 253 408 sed
269 365 315 410 solo
329 364 399 411 verbo
413 367 434 409 et
446 366 470 410 in
483 366 549 409 omni,
562 364 694 409 morborum
704 377 789 421 genere
803 361 863 406 edita
875 359 974 405 viderint

101 438 122 478 et
131 435 187 480 haee
196 435 306 480 declarari
318 451 370 480 eum
387 437 478 486 dicant:
493 448 612 495 uticiiquum
624 436 730 494 apperuit
742 433 776 478 sic
787 433 811 478 iu
822 431 903 487 lsrael,
915 444 974 475 nun-

102 520 169 565 quam
182 507 228 550 tale
244 507 300 565 quid
318 510 339 551 et
356 507 413 551 adeo
432 507 515 550 mirum
531 506 606 549 visum
620 508 652 549 est
663 504 688 548 in
703 503 771 548 Israel
790 504 892 562 quamuis
904 501 974 547 multi

101 576 224 636 prophetae
231 578 295 634 signa
303 577 426 622 edidissent
436 576 472 636 (oi.
482 577 499 620 S
502 611 505 620 .
520 576 600 635 Chrys.
612 576 676 619 Dion.
689 575 737 620 Cui.
748 574 809 618 Iuor.
818 576 873 633 Lep.
882 573 971 632 Lamp).

68 698 71 701 ,
101 643 127 691 aa
137 648 184 691 iam
194 649 218 693 S.
236 648 281 694 Hil.
296 649 378 705 merito
389 650 465 692 oenset
476 646 628 691 admiratione
640 646 708 690 buius
718 646 783 701 faeti,
796 645 911 690 electionis
924 643 972 687 soil.

101 718 227 775 daemonis,
241 720 319 779 populi
332 718 492 779 confessionem
503 707 640 774 esse'ortaui.
653 720 707 761 Nam
717 716 889 776 pharisaeorum
902 710 975 760 verba

101 805 158 849 (luae
168 791 301 852 confessioni
308 788 389 849 populi
401 791 545 848 opponuntur
556 788 629 833 solum
639 788 668 834 ad
679 789 820 832 hoe-faetum
831 788 972 839 aeserunium

42 864 44 868 ’
101 860 184 919 pariter
200 865 266 914 mma
281 863 303 917 et
314 862 366 905 Luc,
376 864 451 915 ‚lull
468 860 588 905 admiratio
606 861 713 905 exaltatur
727 860 837 904 electione
850 858 972 902 daemonis.

100 933 208 975 Minentur
222 932 283 975 enim
294 931 355 991 quod
367 931 468 977 Christus
479 933 525 976 solo
538 946 580 976 suo
591 931 687 992 imperio
696 932 763 990 fugat
773 930 904 984 daemones,
918 929 974 972 dum

100 1003 139 1061 qui
155 1003 217 1061 apud
236 1002 329 1047 Iudaeos
342 1003 486 1047 adiuratione
502 1003 553 1047 illos
571 1003 652 1061 fugare
671 1005 814 1056 conarentur,
831 1001 905 1045 multis
925 1003 973 1043 rite-

86 1073 183 1117 bantur
201 1073 303 1126 formulis
322 1075 343 1117 et
359 1074 563 1127 immutationibus,
580 1074 614 1117 uti
634 1074 740 1132 Iosephus
754 1087 844 1132 quoque
861 1071 922 1115 testis
940 1073 973 1114 est

96 1137 165 1201 (bell.¹
174 1143 224 1187 iud.
241 1147 286 1196 7,6.
298 1146 322 1196 3;
336 1141 389 1185 vide
399 1141 443 1185 Ed.
460 1145 499 1201 lp.
516 1145 572 1196 l823
590 1143 610 1184 ll
621 1156 646 1199 p·v
657 1144 707 1184 771.
724 1141 874 1202 7753Webeij
884 1141 900 1186 l.
916 1155 936 1184 o.
952 1156 976 1199 p.

97 1217 139 1259 bt'l
148 1214 195 1272 seq.
209 1213 270 1257 2ed.
283 1229 305 1272 p.
317 1211 379 1272 256).
416 1213 418 1217 ’
775 1206 780 1255 J

129 1287 185 1327 Dum
195 1283 278 1340 vulgus
293 1284 388 1343 simplex
399 1284 483 1328 sineere
499 1284 531 1327 rei
539 1284 721 1340 magnitudinem
733 1284 846 1340 agnoseit,
857 1280 972 1341 pharisaei

100 1347 152 1397 oum
161 1354 253 1398 'laetum
268 1355 341 1413 ipsum
352 1357 466 1413 nequeant
474 1354 568 1398 infitiari
579 1354 672 1399 modum
681 1353 795 1404 *malitiose
806 1352 974 1398 calumniantur

58 1428 62 1436 “
101 1424 190 1484 (Luniy)
204 1441 225 1469 v.
244 1430 271 1469 3t
278 1425 398 1484 paburisuei
413 1433 487 1469 uectem
504 1424 610 1469 dicebant
626 1440 632 1469 :
648 1426 671 1469 iii
688 1424 790 1483 principe
802 1424 973 1468 deeniouibi‘uni

100 1495 161 1539 eiioii
176 1495 308 1551 duodennem
326 1511 367 1554 ope
387 1496 491 1555 primarii
504 1496 622 1540 daemonis
635 1495 724 1540 adiutus
739 1495 905 1555 expedibilium
920 1508 973 1537 eum

99 1567 196 1625 proinde
208 1570 325 1625 tamquam
337 1581 433 1623 magum
450 1571 471 1610 et
487 1567 651 1611 ineantatorem
665 1568 788 1626 pessimum
802 1562 924 1611 traducunt
933 1564 974 1623 qui

99 1637 231 1682 iluemonem
246 1637 427 1695 potentissimum
444 1638 526 1681 babeat
542 1638 629 1680 soeium
646 1640 668 1681 et
683 1638 823 1692 adiutorem,
842 1638 881 1696 qui
892 1632 971 1695 itaque

99 1711 156 1752 totus
173 1708 279 1752 daemoni
294 1709 321 1751 sit
337 1707 486 1766 mancipatus.
503 1711 532 1751 lle
549 1708 653 1767 principe
667 1708 817 1762 daemonum,
833 1705 971 1754 Beelzebub,

99 1780 149 1823 vide
166 1778 196 1822 ad
211 1782 276 1832 loma
293 1782 315 1822 et
332 1782 408 1832 Μὰ,
424 1782 454 1821 Eo
469 1776 643 1822 inimicitiarum
653 1781 675 1822 et
689 1778 734 1822 odii
747 1777 934 1837 progrediuntur,
947 1783 973 1819 ut

99 1865 145 1894 non
153 1849 228 1893 solum
239 1849 342 1893 turbosa
355 1849 402 1893 fide
413 1849 493 1893 Christi
507 1853 609 1892 avertere
623 1849 736 1904 studeant,
748 1849 906 1892 verumetiam
917 1862 973 1890 eon-

99 1921 194 1965 sortium
203 1935 230 1963 ae
238 1920 317 1964 foedus
324 1919 402 1963 iniisse
414 1933 464 1963 eum
476 1919 547 1978 eapite
559 1920 697 1964 eleemonum
708 1923 782 1964 lesum
792 1923 899 1975 asserant,
910 1921 935 1962 ut
947 1919 973 1962 in

99 1991 261 2035 eumfuronem
276 1993 342 2050 etque
355 1990 546 2034 abominationem
559 1991 639 2050 populi
648 1992 768 2035 eorioitent.
785 1991 890 2035 Consulto
900 1990 973 2047 igitur

99 2062 258 2120 blasphemant
267 2065 288 2104 et
300 2062 420 2120 peoea'tum
430 2065 506 2105 eontra
516 2061 626 2119 Spiritum
638 2065 739 2106 sanetum
750 2063 893 2105 committunt
903 2075 973 2121 opera

98 2135 123 2177 in
134 2132 217 2191 quibus
234 2132 317 2189 digitus
332 2133 371 2176 Dei
383 2146 432 2175 non
443 2135 514 2191 potest
525 2147 571 2176 non
585 2133 679 2189 agnosci
689 2137 711 2176 et
720 2148 779 2192 (pirae
793 2136 842 2177 lesu
851 2134 896 2176 reita
906 2146 972 2175 sano-
1018 2146 1026 2152 '⁸

98 2205 182 2247 tissima
192 2202 411 2246 eonmierulabantur
422 2205 447 2245 nt
454 2202 562 2246 diuinitus
572 2203 632 2247 faeta
643 2204 791 2247 attribuentes
801 2204 912 2248 daemoni¹
923 2202 973 2246 Tali

99 2275 149 2318 odio
160 2289 214 2317 rere
223 2273 334 2317 diabolico
344 2288 396 2316 eum
406 2273 514 2330 flagrent,
526 2274 573 2317 iam
583 2288 630 2316 non
641 2274 785 2327 mirabimur,
796 2275 814 2317 si
825 2278 896 2317 lesum
909 2274 973 2318 omni

100 2344 165 2388 modo
179 2346 345 2403 persequuntur
359 2346 381 2387 et
396 2357 419 2401 se
436 2344 494 2402 ipsos
508 2358 581 2401 regno
591 2344 700 2388 messiano
710 2345 779 2404 plane
789 2345 894 2401 indignos
903 2355 971 2404 prae-

99 2416 153 2460 bent
163 2419 185 2458 et
200 2414 290 2474 plebem
302 2415 370 2458 etiam
387 2414 493 2459 miseram
506 2414 645 2474 decipientes
659 2429 734 2465 seeum
748 2416 872 2474 perditioni
885 2416 973 2460 menei-

99 2489 160 2547 pant.
172 2489 229 2530 Tum
242 2486 333 2545 quidem
346 2485 472 2545 plurimum
487 2486 597 2530 intererat
609 2487 667 2531 inter
683 2487 776 2546 plebem
796 2490 817 2531 et
829 2488 972 2548 pharisaeos3

99 2558 139 2601 illa
148 2560 222 2600 lesum
234 2556 465 2616 omnibusprophetis
475 2557 622 2617 praelerebat
633 2558 720 2618 ipsique
732 2560 803 2603 etiam
816 2561 897 2617 Moysi:
912 2575 974 2604 nun-

100 2642 167 2688 quam
184 2627 216 2671 sie
236 2628 340 2685 apparuit
356 2629 381 2670 in
401 2629 478 2683 Israel,
493 2629 586 2673 bivero
602 2644 654 2673 euin
668 2630 775 2675 virtutem
789 2645 852 2676 suam
862 2628 974 2677 idiabolo

100 2698 202 2758 aeoipere
222 2697 432 2751 calumniabantam
451 2699 490 2742 sed
508 2715 559 2743 euni
580 2700 694 2758 pharisaei
708 2703 843 2744 auctoritate
860 2702 972 2757 valerent,

100 2771 165 2829 quale
173 2769 303 2829 perieulum
311 2768 374 2827 plebi
383 2769 500 2814 immineat
509 2771 612 2826 ignorari
620 2786 665 2814 non
672 2774 752 2829 potest.
765 2772 891 2816 Enistimari
900 2777 975 2833 potest

99 2842 228 2900 pharisaeos
247 2843 293 2884 lesu
311 2838 404 2883 absente
422 2839 550 2903 eadixisse2
566 2840 723 2899 quianullum
741 2842 825 2887 Christi
841 2858 975 2904 responsum

100 2912 206 2966 refertum
218 2911 315 2955 refertur
323 2913 400 2954 alitem
409 2910 454 2954 alia
462 2911 577 2955 oeoasione
586 2915 661 2966 1225.

127 3060 188 3099 Notat
199 3057 253 3097 [uiis.
265 3057 317 3097 hanc
327 3070 372 3099 esse
383 3062 481 3111 quartam
491 3060 650 3112 pharisaeorum
661 3063 792 3103 calumniam
803 3077 814 3104 a
825 3066 926 3106 llatthaeo
934 3066 975 3106 hoe

102 3124 169 3178 eapite
182 3121 362 3174 comprehensam.
372 3124 445 3165 Primo
457 3126 513 3166 enim
523 3126 601 3167 inveoti
616 3130 663 3168 sunt
674 3128 695 3168 in
706 3130 777 3170 lesum
788 3141 813 3170 eo
825 3131 879 3183 quod
890 3132 975 3183 peecata
