2211 3575
394 191 398 195 ,
455 182 531 213 uaria.
548 175 567 223 5,
582 175 602 214 5.
831 217 833 220 ,
933 180 971 221 237

82 278 153 329 ‘goga
169 275 322 320 nazarethana
336 277 458 349 declaravit
466 284 520 327 Luc.
533 265 593 336 laid.
604 282 662 327 Dicit
675 272 751 329 autem
763 299 768 328 :
780 285 842 336 beati
855 268 970 334 τυενθυϋυτες

90 348 106 392 i.
118 364 138 394 e,
150 352 176 393 ut
187 352 211 396 S.
229 352 307 412 Chrys.
317 355 417 415 explicat
430 371 435 404 τ
447 361 469 402 et
484 372 529 403 non
541 360 675 420 simpliciter
687 361 742 407 dicit
753 360 901 427 λυπουμένους,
914 358 969 404 ἀλλὰ
1033 369 1035 373 ’

90 424 137 476 coir
148 421 193 486 μετ’
208 428 330 487 inlaterat,
346 434 385 493 qui
396 435 467 492 igitur
483 435 585 496 impense
595 437 678 495 lugent
692 443 832 486 ctmocrent.
844 443 881 486 Est
891 443 968 486 autem

89 498 175 556 luctus,
189 499 269 557 πένθος,
281 504 404 549 secundum
417 507 441 570 S:
457 507 591 563 &repartum
604 522 665 567 ayss.
679 510 749 554 tristis
760 512 831 555 animi
844 512 936 557 habitus
946 516 968 557 et

25 598 27 605 ν
90 576 195 633 affectus,
211 578 316 639 σκυθρωπὴ
330 574 417 630 διάθεσις
430 577 553 643 τῆζψυχῆς,
565 585 605 643 qui
617 584 701 629 exsistit
710 590 805 646 propter
814 588 967 647 privationem

89 649 123 692 rei
136 649 232 695 alicuius
245 667 303 712 quac
317 652 406 712 placeat
417 657 438 698 et
450 658 541 714 accepta
554 656 589 700 sit.
600 658 696 701 Luctum
706 657 806 715 intelligi
817 673 915 715 sacrum,
925 660 967 703 tri-

90 720 174 765 stitiam
189 723 314 778 secundum
325 727 395 770 Deum
407 724 452 770 iarn
465 727 566 786 sequitur
579 740 604 770 ex
616 725 644 770 lsss
660 725 721 782 cta.
734 730 802 789 Soph.
815 716 867 785 3,18
881 730 965 790 (hebr.)

73 793 126 854 ¹llz.
146 795 192 847 9‚t.
210 796 304 839 Causam
321 797 397 839 autem
412 797 459 840 eius
474 797 549 841 luctus·
562 802 677 857 reponunt
692 800 716 843 in
736 799 814 844 dolorev
829 799 857 845 de
869 802 967 862 peccatis

89 862 188 921 propriis
207 863 241 924 (S.
268 865 314 910 Hit.
343 866 557 926 Glu·omotac)‚.de
577 869 676 928 peccatis
698 872 800 931 propriis
822 875 844 916 et
870 871 966 917 aliorum

90 932 123 992 (S.
139 934 216 994 Chrys.
230 936 326 997 Tlreopli.
339 936 401 983 Hier.
411 941 465 995 Leo,
477 940 530 985 Bcd.
542 942 580 985 Br.
592 941 648 986 But.
660 942 753 1002 Puscd.)
767 943 804 988 vel
814 943 887 1002 magis
895 957 965 1000 gene·
1001 969 1002 972 =
1015 953 1018 959 '

89 1005 167 1050 taliter
180 1006 205 1051 iu
216 1005 294 1052 dolore
307 1011 328 1053 et
341 1010 431 1055 tristitia
441 1015 533 1071 propter
544 1012 610 1057 huius
625 1015 685 1058 vitae
696 1009 809 1074 pericula,
820 1015 963 1071 tentationes,

89 1078 150 1122 mala
168 1083 194 1122 et‘
203 1094 333 1136 aerumnas,
352 1081 435 1140 quibus
449 1083 557 1128 incolatus
575 1087 651 1129 noster
669 1084 780 1130 reddatur
795 1088 872 1143 miser,
893 1088 965 1132 itaut

60 1211 61 1215 Ἰ
89 1150 160 1192 sancti
169 1154 275 1206 gemant:
284 1151 329 1195 heu
338 1152 395 1196 mihi
402 1152 457 1211 quia
463 1153 573 1198 incolatus
582 1169 645 1200 meus
653 1155 803 1215 prolongatus
810 1160 842 1203 est
849 1158 881 1217 (S.
895 1159 962 1218 Greq.

88 1233 149 1279 ayss.
168 1220 218 1266 Alb.
233 1221 298 1267 Dion.
316 1223 376 1267 lcas.
396 1224 443 1268 eut.
461 1225 533 1270 Calua.
546 1225 611 1285 Fit.);
627 1227 682 1271 huic
698 1231 773 1272 autem
787 1243 868 1274 causae
884 1230 964 1274 merito

88 1291 227 1353 plerumque
242 1292 372 1351 adiungunt
387 1294 456 1340 aliam
467 1296 624 1341 sublimiorem
640 1313 698 1358 quae
713 1313 753 1343 sua
769 1300 927 1360 quasispoute
939 1315 965 1344 ex
1007 1337 1016 1349 ,

19 1406 25 1411 ,,
88 1362 129 1407 illa
146 1364 259 1408 enascitur
276 1379 281 1410 t
298 1366 378 1423 lugent
393 1381 468 1419 amore
485 1371 506 1411 et
520 1367 632 1412 desiderio
647 1384 726 1413 rerum
743 1369 886 1426 coelestium;
904 1370 965 1415 uude

88 1449 143 1494 prae
155 1435 196 1478 illo
211 1436 322 1480 desiderio
332 1440 393 1481 terra
403 1438 434 1482 eis
446 1438 552 1483 sordescit
565 1454 591 1484 ac
606 1441 683 1497 gravis
697 1444 740 1496 est,
753 1445 775 1485 et
789 1443 842 1501 quia
852 1441 882 1486 ad
891 1441 964 1486 coele

88 1506 130 1550 stia
147 1506 266 1561 anhelant,
286 1508 366 1564 lugent
383 1508 445 1568 quod
456 1509 531 1566 adhuc
544 1510 573 1554 ab
587 1510 633 1554 illis
647 1510 731 1555 absunt
746 1515 768 1556 et
780 1515 915 1573 separantur
927 1512 934 1574 l
948 1514 963 1559 l.

84 1582 108 1626 S.
121 1580 190 1641 Grec.
198 1596 258 1641 ayss.
267 1580 321 1627 Bed.
330 1583 385 1631 Aac.
393 1582 455 1628 laud.
463 1581 513 1627 Alb.
522 1583 589 1627 Dion.
597 1584 660 1628 luas.
668 1583 713 1643 Syl
728 1586 753 1644 .).
762 1585 817 1630 Illae
823 1584 896 1642 igitur
901 1585 966 1630 intel·

48 1675 59 1683 „
83 1652 188 1710 liguntur
201 1647 308 1698 lacrimae
322 1669 377 1713 quas
390 1654 460 1698 timor
473 1657 495 1698 et
509 1667 573 1699 amor
585 1653 700 1698 Deielicit
714 1654 821 1715 (Culta.);
835 1656 863 1700 ci.
879 1657 965 1701 Staures

82 1724 98 1767 l.
110 1738 130 1768 c,
140 1738 163 1768 n.
176 1728 210 1769 10.
223 1724 351 1783 Eoslugere
359 1724 387 1768 ob
397 1728 555 1784 paupertatem
563 1723 691 1783 (Hatram),
702 1725 823 1785 explicatio
834 1729 867 1778 est
876 1725 962 1772 ieiuna.

115 1796 149 1841 Ad
162 1811 211 1840 rem
226 1799 289 1841 notat
300 1798 355 1857 Lupa
373 1811 380 1840 :
392 1814 402 1838 u
414 1797 451 1840 hic
461 1797 536 1840 luctus
549 1809 599 1840 suos
607 1795 783 1854 babet-gradus,
798 1796 832 1841 uti
842 1799 863 1840 et
875 1800 961 1841 ceterae

85 1868 248 1926 beatitudinem
264 1868 325 1928 beati
340 1882 393 1926 ergo
403 1867 440 1912 hio
450 1866 558 1912 dicuntur
567 1867 672 1926 lugentes
689 1867 728 1926 qui
739 1867 883 1913 adversitates
894 1883 908 1912 a
918 1870 961 1912 Deo

85 1940 197 1984 immissas
208 1940 372 1999 autpermiss'as
378 1939 490 1999 patienter
498 1941 607 1994 tolerant3
620 1938 734 1983 beatiores
741 1939 781 1998 qui
791 1954 831 1983 sua
839 1942 878 1983 aut
888 1939 962 1988 aliena

53 2031 54 2034 ¹
85 2013 179 2071 peccata
191 2011 271 2068 lugent
281 2013 303 2055 et
313 2010 407 2065 deflent;
418 2009 541 2055 beatissimi
552 2024 604 2054 vero
614 2012 666 2053 sunt
677 2009 717 2069 qui
726 2025 782 2070 prae
797 2011 874 2055 dolore
888 2011 973 2054 luctae

64 2132 66 2135 y
86 2082 190 2127 assiduae
203 2096 270 2141 quam
282 2094 334 2125 cum
344 2096 412 2125 carne
423 2084 444 2125 et
457 2077 637 2139 concupiscentia
644 2083 728 2138 gerunt
737 2096 839 2141 praeque
850 2081 962 2126 desiderio

86 2154 189 2198 coelestis
204 2152 291 2213 patriae
305 2167 331 2197 ac
345 2152 479 2212 praesertim
493 2167 548 2211 prae
564 2166 641 2196 amore
658 2153 698 2196 Dei
709 2155 731 2196 et
746 2152 828 2197 Christi
846 2168 891 2212 quo
909 2167 962 2212 per-

85 2225 156 2285 petim
173 2224 219 2268 frui
232 2227 435 2282 summeexoptant
445 2224 523 2280 lugent
536 2237 601 2267 suum
611 2223 655 2267 hoc
666 2223 691 2267 in
709 2238 803 2282 corpore
819 2227 841 2267 et
857 2228 916 2267 terra
926 2237 961 2266 ex-

85 2296 162 2340 silium
180 2313 198 2338 υ.
218 2298 280 2339 Hunc
297 2295 385 2339 luctum
403 2295 522 2338 eniintiant
536 2292 570 2337 illi
584 2294 628 2353 ¹qui
647 2298 763 2351 garriunt:
783 2307 852 2353 super
867 2294 962 2338 flumina

86 2365 206 2424 Babylonis
219 2366 317 2410 sedimus
328 2369 349 2410 et
359 2365 461 2410 flevimus
473 2367 514 2410 etc.
527 2363 670 2425 (rlr·uoldus);
681 2366 751 2410 talem
762 2365 849 2410 luctum
863 2380 914 2411 suos
922 2366 962 2409 ha-

85 2438 174 2482 bituros
189 2451 236 2482 esse
252 2437 352 2493 Christus
368 2435 500 2497 praedixit:
518 2451 570 2481 cum
588 2440 665 2481 autem
682 2436 771 2481 ablatus
788 2437 856 2481 fuerit
875 2437 903 2481 ab
919 2436 963 2481 illis

86 2524 191 2569 sponsus,
209 2513 263 2553 tuuc
277 2505 412 2554 ieiunabunt
427 2509 489 2568 (Luc.
508 2509 577 2569 5735):
597 2511 679 2561 Luctus
695 2509 766 2553 sancti
785 2524 875 2568 quoque
891 2523 963 2553 exem-

85 2581 149 2642 plum
162 2580 225 2624 dedit
239 2581 348 2634 Christus,
363 2593 414 2624 cum
424 2581 488 2624 fieret
498 2580 525 2624 de
534 2580 655 2631 Ierusalem
668 2580 729 2639 (Luc.
742 2584 820 2635 rear,
832 2581 855 2625 S.
867 2581 904 2625 er.
923 2583 963 2624 Za-

86 2652 174 2698 charias
188 2651 279 2711 chrys).
296 2651 338 2696 Sed
353 2650 470 2710 quodiam
482 2650 635 2711 apudlsaiam
648 2652 735 2696 llessias
744 2652 854 2710 loquitur,
869 2652 893 2695 id
903 2656 963 2696 Iesus

86 2725 186 2769 affirmat
200 2738 204 2768 :
218 2723 326 2783 quocica
341 2722 385 2782 ipsi
401 2721 574 2767 consolabuntur
586 2723 602 2767 i.
619 2737 638 2765 e.
654 2722 831 2765 consolationem
844 2722 961 2782 accipient.

70 2799 131 2857 =lloc
149 2795 210 2839 euim
227 2809 308 2839 niunus
323 2793 542 2852 consolationisquo
560 2793 664 2849 iungitur
679 2794 778 2848 Messias,
794 2794 911 2852 praeclare
924 2792 964 2840 de-

86 2867 193 2911 scribitur
207 2871 233 2911 le.
252 2869 330 2921 tar-3
344 2867 365 2909 et
380 2865 399 2908 ei
414 2863 460 2908 iam
475 2862 627 2924 praeluditur,
646 2867 707 2919 aaa.
724 2868 750 2909 11
770 2868 791 2909 et
809 2866 867 2910 liaeo
886 2879 964 2910 conso-

88 2939 142 2982 latio
156 2938 289 2996 explicatur,
304 2936 358 2981 dum
372 2939 429 2980 licus
441 2935 562 2979 Ierusalem
578 2935 688 2980 alilictam
702 2939 725 2980 et
740 2939 882 2981 moerentem
897 2936 965 2995 erigit

89 3013 110 3053 et
122 3008 353 3067 magnificentissimis
367 3007 483 3068 promissis
493 3007 560 3065 erigit
575 3011 643 3067 atque
658 3008 772 3052 confortat
785 3012 813 3053 Is.
829 3013 896 3064 tata
916 3024 962 3068 seq.

89 3087 141 3136 51,3
156 3096 201 3140 seq.
220 3083 270 3133 52st
289 3094 334 3138 seq.
351 3082 403 3136 tad
418 3095 463 3139 seq.
484 3084 534 3134 aaa
549 3095 595 3140 seq.
610 3084 675 3135 6233
692 3084 767 3135 65,18.
782 3082 837 3125 Cum
851 3081 922 3138 igitur
932 3082 964 3130 in

89 3154 201 3204 vaticiniis
213 3150 329 3197 messionis
342 3152 449 3210 frequens
465 3148 549 3197 incutio
561 3153 589 3197 sit
600 3144 771 3207 consolationis,
787 3153 867 3215 merito
880 3153 964 3196 Messias
