2211 3575
341 211 342 214 ’
386 271 387 275 ¹
427 219 512 251 amrrra
528 212 547 259 A,
556 211 582 257 l.
910 213 947 253 tar

72 312 164 363 quuntur
175 311 277 350 ettamen
288 322 322 351 eos
332 322 391 364 reges
402 322 445 352 non
454 311 569 365 appellant,
582 311 619 353 sed
631 316 667 353 eos
677 312 800 353 describunt
809 312 865 353 viros
877 312 949 352 orien-

70 376 129 425 tales,
140 375 259 427 sapientes,
270 378 373 417 amatores
387 377 540 430 mysteriorum
549 378 674 419 coelestium
684 380 723 419 etc.
735 390 773 431 per
783 390 805 418 se
815 378 858 418 iam
871 379 905 417 est
914 388 947 416 ar-

69 444 195 494 gumentum
205 441 227 481 in
238 437 385 494 antiquissima
394 436 508 484 traditione
517 444 567 484 nihil
577 445 682 484 contineri
692 445 716 485 de
729 445 786 497 regia
797 445 906 498 dignitate.

94 508 172 550 Varum
188 508 325 559 postmodum
341 508 393 549 haec
409 508 482 559 opinio
499 510 563 548 evasit
581 509 634 549 satis
651 511 780 550 communis.
800 511 830 550 lta
844 510 866 550 in
880 510 948 561 plesse

69 572 113 612 ord.
126 583 130 612 :
143 588 152 610 a
162 572 250 613 fuerunt
260 573 285 614 de
294 577 349 614 terra
361 575 501 613 Persarum...
516 573 573 613 iuxta
586 585 651 625 quam
664 576 685 614 et
698 574 774 614 Arabia
789 577 826 623 est,
842 574 879 615 ubi
892 574 948 626 magi

45 656 47 659 ·
68 638 150 678 fuerunt
163 650 224 691 reges
234 651 255 689 »ς
266 641 286 679 et
299 640 319 679 S.
334 637 397 679 Pacci
404 668 409 677 .
420 650 427 678 .·
439 653 448 675 c
456 635 486 678 vin
498 638 531 678 his
545 638 668 690 regionibus
685 639 712 679 ad
725 627 848 680 orientalem
863 639 949 692 plagam

68 703 263 756 Hierosolymorum
273 715 343 755 magos
351 715 412 755 reges
427 703 603 744 exstitisse-nemo
614 703 651 756 qui
662 704 761 745 historias
772 705 823 757 legit
832 704 948 757 gentilium

68 768 148 819 ignorat
159 782 182 819 »;
194 772 215 809 et
228 769 311 821 Tbeeplt.
324 768 349 808 ad
359 781 378 808 v.
388 769 400 808 3
414 781 418 809 ε
430 783 440 805 r
452 769 563 820 oportebat
572 759 665 821 gaudere
676 770 747 823 potius
757 771 813 822 quod
823 781 896 822 regem
906 769 948 821 ipsi

66 833 158 874 habituri
170 837 243 874 essent
253 834 289 886 qui
301 846 313 874 a
323 834 411 886 persicis
423 835 510 886 regibus
522 833 645 875 adoraretur
656 826 675 874 n.
690 835 750 875 Idem
760 837 833 876 auctor
843 834 948 875 sermonis

68 899 93 939 de
102 898 208 951 baptismo
220 899 306 947 Christi,
318 899 353 952 qui
368 902 467 940 censetur
481 899 580 941 tractans
593 900 660 941 abbas
672 901 801 949 bonaevall,
813 901 833 941 S.
845 900 948 941 Bernardi

68 965 153 1014 amicus,
167 965 251 1006 stellam
262 965 346 1017 regibus
357 965 482 1018 apparuisse
493 965 542 1006 dicit
553 964 587 1019 (cf.
600 957 671 1018 Opera
681 966 701 1007 S.
714 966 817 1019 Cypriani,
830 967 863 1007 ed.
876 978 945 1006 maur.

68 1031 90 1069 in
103 1031 143 1071 tine
155 1043 176 1082 p.
188 1029 255 1083 XCIV)
265 1031 299 1082 qui
310 1031 369 1072 locus
386 1031 471 1082 saepius
487 1032 525 1071 sub
543 1031 641 1083 Cypriani
659 1032 746 1072 nomine
762 1032 869 1081 laudatur3
883 1022 948 1071 etiam
971 1082 972 1086 Ἰ

15 1111 17 1115 ’
67 1098 139 1136 auctor
158 1107 283 1136 sermonum
299 1097 326 1145 ad
340 1096 421 1135 iratres
433 1096 455 1134 in
472 1107 553 1146 eremo,
570 1096 606 1147 qui
624 1097 681 1148 apud
699 1097 812 1137 nonnullos
830 1096 948 1137 habebatur

68 1161 88 1200 S.
100 1161 232 1213 Augustinus
245 1159 275 1214 (at
285 1172 396 1213 perperam
412 1160 508 1214 omnino)
520 1161 572 1201 dicit
583 1172 647 1201 serm.
659 1163 685 1202 43
697 1173 702 1201 :
716 1177 726 1199 «
738 1161 825 1202 audistis
840 1162 947 1202 sanctissi-

68 1237 113 1266 mos
126 1237 186 1278 reges
202 1226 316 1266 Dominum
331 1226 445 1278 diligenter
458 1226 608 1278 quaesivisse»
620 1225 658 1279 (ll.
671 1226 774 1278 4οΑ317).
787 1226 901 1278 Perperam
912 1239 947 1267 au-

66 1285 155 1343 tem'pro
166 1303 192 1331 ea
203 1291 306 1332 sententia
315 1292 340 1331 ab
351 1283 461 1343 aliquibus
472 1292 572 1343 allegatur
580 1294 654 1333 auctor
663 1292 689 1332 de
700 1282 861 1332 mirabilibuss.
875 1291 947 1344 Scrip-
1001 1295 1002 1298 ’

65 1359 124 1403 turae
144 1356 209 1410 (inter
231 1369 295 1408 opera
313 1358 332 1397 S.
353 1356 470 1409 Augustini
490 1356 524 1397 ed.
548 1357 638 1397 maurin.
657 1359 673 1396 t.
691 1358 703 1397 3
719 1358 741 1397 in
759 1357 849 1410 append.
870 1369 892 1409 p.
906 1358 947 1407 aa,

66 1423 94 1461 M.
107 1421 203 1476 353194)
216 1422 251 1474 qui
268 1424 302 1470 3,4
316 1422 371 1462 dicat
388 1434 393 1461 t
410 1418 470 1474 reges
485 1423 564 1463 alacres
577 1425 682 1475 pergunt3
697 1423 735 1463 sed
747 1423 824 1476 legitur
837 1422 859 1462 in
869 1425 946 1463 textu:

68 1501 78 1522 «
88 1487 179 1527 inventis
189 1486 331 1527 lsraelitarum
340 1487 430 1527 oraculis
441 1489 513 1527 vatum
524 1487 549 1527 de
560 1488 636 1527 eodem
647 1489 705 1535 nato,
718 1477 754 1527 ubi
764 1487 866 1528 nascendi
876 1487 948 1527 locum

67 1553 181 1603 acciperet,
197 1555 296 1592 monente
312 1552 403 1595 subdolo
418 1564 516 1593 sermone
529 1565 579 1606 repe,
594 1553 676 1593 alacres
690 1555 781 1605 pergunt
796 1568 814 1592 »,
834 1552 876 1592 Sed
890 1555 947 1593 recte

66 1617 146 1657 laudari
156 1620 228 1668 potest
236 1628 274 1669 pro
285 1629 308 1657 ea
318 1617 419 1669 opinione
429 1620 502 1658 auctor
511 1617 648 1658 homiliarum
658 1618 684 1658 de
695 1618 805 1670 evangelio
814 1620 881 1658 Lucae
892 1630 946 1669 quae

67 1683 117 1721 olim
126 1683 248 1723 ferebantur
257 1682 312 1722 inter
322 1682 399 1734 scripta
408 1682 552 1734 Chrysostomi
562 1685 582 1723 et
594 1678 685 1734 quarum
696 1683 770 1723 auctor
779 1682 835 1722 nihil
842 1683 944 1741 suggerit¹

67 1750 91 1787 ut
99 1748 157 1788 Patr.
171 1748 225 1789 dicit
234 1748 248 1786 l.
260 1760 277 1787 c.
292 1760 312 1799 p.
325 1749 372 1796 aad,
383 1759 409 1787 ex
423 1759 464 1799 quo
479 1748 615 1788 coniiciamns
630 1739 680 1788 enm
690 1748 768 1787 vixisse
778 1750 826 1799 post
835 1748 946 1788 saeculum

66 1814 78 1852 6
95 1825 100 1853 ;
118 1828 127 1850 a
145 1815 166 1854 et
182 1813 230 1853 ideo
249 1813 314 1852 sancti
330 1813 380 1859 viri,
398 1824 460 1864 reges
476 1815 497 1852 et
513 1817 583 1864 patres
599 1812 669 1853 Sabba
685 1814 788 1853 venerunt
804 1812 846 1865 ipsi
860 1812 918 1865 magi
937 1828 946 1850 »

66 1877 94 1930 (S.
107 1878 176 1932 dirps.
188 1890 238 1930 opp.
249 1880 265 1917 t.
278 1881 320 1930 hp.
332 1879 392 1926 lllt;
411 1878 476 1918 Paris.
493 1880 544 1918 laio
557 1878 612 1930 apud
625 1878 827 1930 balaustium
841 1878 948 1923 sententia

66 1944 155 1985 maxime
171 1946 217 1984 orta
232 1943 314 1984 videtur
334 1955 358 1983 ex
373 1938 450 1984 verbis
462 1944 496 1983 Ps.
516 1945 581 1996 itit),
601 1955 656 1995 quae
674 1946 757 1985 ueteres
775 1944 864 1995 quidem>
879 1944 947 1996 expli·
1013 1976 1018 1984 .

36 2017 38 2021 '
67 2011 115 2049 cant
125 2010 150 2050 de
164 2009 265 2062 gentibus
280 2009 393 2058 universis⁷
407 2011 428 2049 at
444 2021 497 2061 quae
511 2021 559 2049 mon
573 2010 638 2049 etiam
654 2010 680 2049 ad
692 2020 765 2062 magos
778 2009 945 2062 applicabantur,

67 2075 102 2126 qui
114 2074 212 2127 gentium
224 2085 340 2126 regumque
353 2077 430 2127 typum
443 2075 536 2114 tenuisse
548 2077 703 2123 monstrantur,
719 2074 750 2114 uti
764 2075 785 2113 in
800 2074 906 2114 breviario
921 2074 947 2113 acl
969 2074 972 2081 “

66 2141 192 2181 Psalterium
204 2140 333 2192 Hieronymo
347 2140 399 2180 falso
412 2140 519 2192 adscripto
533 2140 610 2191 legitur
621 2139 657 2194 (ll.
672 2141 708 2188 ⁶26,
720 2139 787 2193 lona).
798 2141 877 2180 Verum
889 2139 947 2191 quod

66 2206 95 2246 ibi
107 2206 197 2258 legimus
209 2206 231 2245 in
241 2217 351 2257 magorum
360 2205 486 2245 muneribus
496 2205 681 2254 inclinatiora-alii7
692 2205 722 2244 uti
733 2206 810 2257 Hagnae
821 2205 882 2255 dicit,
896 2216 946 2244 con-

67 2272 187 2311 siderabant
202 2273 310 2321 tanlquam
325 2270 460 2322 prophetiam
476 2270 498 2309 in
514 2270 581 2322 magis
598 2270 624 2309 ad
641 2270 734 2309 litteram
750 2268 857 2321 impletam
870 2280 946 2320 :reges

65 2336 146 2376 Tharais
155 2338 177 2376 et
187 2336 269 2376 insulae
280 2346 366 2375 munera
379 2336 479 2383 offerent,
489 2346 549 2387 reges
562 2335 656 2375 Arabum
667 2338 687 2374 et
698 2334 752 2374 Saba
764 2335 819 2374 dona
830 2334 945 2374 adducent.

66 2403 161 2442 Fortasse
176 2401 229 2441 haec
244 2400 315 2453 opinio
333 2400 396 2440 etiam
410 2400 461 2440 inde
478 2400 604 2440 fulciebatur
618 2400 669 2451 quia
683 2402 778 2452 tempore
794 2399 946 2439 dominationis

68 2467 229 2507 Sassanidarum
243 2466 340 2518 princeps
352 2477 466 2518 magorum
477 2465 532 2506 inter
545 2466 603 2517 regni
618 2464 725 2518 primores
737 2465 884 2506 recensebatur
895 2467 916 2504 et
925 2464 947 2504 in

67 2535 123 2572 certa
139 2533 232 2584 quadam
247 2531 327 2572 ditione
343 2533 453 2583 tamquam
467 2531 565 2584 princeps
580 2531 711 2582 imperabat;
723 2530 820 2583 princeps
838 2531 896 2570 enim
913 2541 947 2569 re-

66 2597 133 2648 gionis
145 2596 282 2642 Dembavend
295 2595 356 2636 titulo
372 2595 508 2648 llasmaghan
521 2595 535 2634 i.
551 2607 568 2635 e.
584 2595 688 2648 principis
701 2607 810 2646 magorum
825 2595 947 2647 appellatur

67 2660 101 2713 (ci.
113 2661 233 2703 Zeitschriit
243 2661 280 2701 der
288 2660 403 2702 deutschen
413 2661 639 2713 morgenlaendischen
650 2660 786 2701 Gesellschait
794 2661 852 2708 l88l,
865 2661 890 2699 35
902 2659 945 2699 vol.

67 2738 87 2778 p.
101 2728 155 2781 529).

96 2875 241 2934 Evarrgelista
252 2890 330 2933 magos
342 2875 370 2920 al]
384 2875 473 2919 oriente
486 2871 526 2915 aad
536 2871 640 2915 ἀνατολῶν
653 2889 667 2917 a
682 2874 815 2931 regionibus
828 2872 946 2918 orientali-

67 2945 108 2992 bus
118 2948 205 2991 venisse
217 2948 283 3002 dicit,
296 2962 340 3006 cqrro
351 2946 445 2991 nonrine
458 2960 499 3005 per
508 2959 531 2991 se
544 2945 616 2990 omnis
628 2946 695 3004 regio
708 2945 856 2990 aPalaestina
870 2945 945 2988 orien-

68 3019 111 3062 tem
121 3033 199 3063 versus
209 3019 252 3062 sita
261 3019 368 3077 intelliigi
376 3020 458 3078 potest.
468 3019 498 3061 Eo
508 3017 599 3062 nomine
608 3017 632 3062 in
643 3032 661 3061 s.
672 3016 754 3061 litteris
762 3017 845 3061 Arabia
854 3030 946 3081 [quoque

69 3088 200 3147 designatur
219 3089 256 3148 (ci.
273 3093 347 3158 nffpct
364 3089 406 3135 filii
424 3089 518 3133 orientis
537 3089 682 3148 appellantur
701 3088 802 3148 Arabes).
824 3090 851 3132 At
869 3088 945 3147 ipsum
965 3123 968 3127 .

68 3162 155 3206 nomen
167 3175 301 3217 magorum,
320 3162 399 3206 modus
418 3176 464 3220 quo
481 3161 507 3205 in
524 3159 621 3221 antiquis
644 3159 783 3218 imaginibus
802 3160 888 3219 pileum
905 3171 944 3215 gc-
