<?xml version="1.0" encoding="UTF-8"?>
<!DOCTYPE html PUBLIC "-//W3C//DTD XHTML 1.0 Transitional//EN"
    "http://www.w3.org/TR/xhtml1/DTD/xhtml1-transitional.dtd">
<html xmlns="http://www.w3.org/1999/xhtml" xml:lang="en" lang="en">
 <head>
  <title>
</title>
<meta http-equiv="Content-Type" content="text/html;charset=utf-8" />
  <meta name='ocr-system' content='tesseract 3.04.00' />
  <meta name='ocr-capabilities' content='ocr_page ocr_carea ocr_par ocr_line ocrx_word'/>
</head>
<body>
  <div class='ocr_page' id='page_1' title='image "./MN41446ucmf_0_0262.png"; bbox 0 0 2239 3511; ppageno 0'>
   <div class='ocr_carea' id='block_1_1' title="bbox 110 107 648 186">
    <p class='ocr_par' dir='ltr' id='par_1_1' title="bbox 110 107 648 186">
     <span class='ocr_line' id='line_1_1' title="bbox 110 107 648 186; baseline -0.004 -13"><span class='ocrx_word' id='word_1_1' title='bbox 110 134 149 173; x_wconf 76' lang='lat' dir='ltr'>sla</span> <span class='ocrx_word' id='word_1_2' title='bbox 191 145 193 148; x_wconf 76' lang='grc'><strong>’</strong></span> <span class='ocrx_word' id='word_1_3' title='bbox 395 114 410 165; x_wconf 29' lang='grc' dir='ltr'><em>ἰ</em></span> <span class='ocrx_word' id='word_1_4' title='bbox 445 142 528 171; x_wconf 75' lang='lat' dir='ltr'>niman.</span> <span class='ocrx_word' id='word_1_5' title='bbox 544 132 564 180; x_wconf 77' lang='lat' dir='ltr'>l,</span> <span class='ocrx_word' id='word_1_6' title='bbox 579 107 648 186; x_wconf 80' lang='lat' dir='ltr'>len.</span> 
     </span>
    </p>
   </div>
   <div class='ocr_carea' id='block_1_2' title="bbox 48 228 1034 1358">
    <p class='ocr_par' dir='ltr' id='par_1_2' title="bbox 48 228 1034 1358">
     <span class='ocr_line' id='line_1_2' title="bbox 109 228 991 291; baseline -0.005 -15"><span class='ocrx_word' id='word_1_7' title='bbox 109 231 141 277; x_wconf 88' lang='lat' dir='ltr'>cis</span> <span class='ocrx_word' id='word_1_8' title='bbox 151 232 195 277; x_wconf 85' lang='lat' dir='ltr'>luit</span> <span class='ocrx_word' id='word_1_9' title='bbox 210 231 368 291; x_wconf 87' lang='lat' dir='ltr'>multipliciter</span> <span class='ocrx_word' id='word_1_10' title='bbox 378 230 455 274; x_wconf 89' lang='lat' dir='ltr'>attrita</span> <span class='ocrx_word' id='word_1_11' title='bbox 468 233 490 273; x_wconf 89' lang='lat' dir='ltr'>et</span> <span class='ocrx_word' id='word_1_12' title='bbox 505 230 639 289; x_wconf 85' lang='lat' dir='ltr'>praesertim</span> <span class='ocrx_word' id='word_1_13' title='bbox 649 244 663 273; x_wconf 91' lang='lat' dir='ltr'>a</span> <span class='ocrx_word' id='word_1_14' title='bbox 678 229 898 289; x_wconf 80' lang='lat' dir='ltr'>Theglathphalasar</span> <span class='ocrx_word' id='word_1_15' title='bbox 911 228 991 274; x_wconf 90' lang='lat' dir='ltr'>incolis</span> 
     </span>
     <span class='ocr_line' id='line_1_3' title="bbox 110 292 991 363; baseline -0.003 -16"><span class='ocrx_word' id='word_1_16' title='bbox 110 304 206 363; x_wconf 87' lang='lat' dir='ltr'>spoliata</span> <span class='ocrx_word' id='word_1_17' title='bbox 216 302 253 361; x_wconf 85' lang='lat' dir='ltr'>(cf.</span> <span class='ocrx_word' id='word_1_18' title='bbox 268 306 281 346; x_wconf 80' lang='lat' dir='ltr'>l</span> <span class='ocrx_word' id='word_1_19' title='bbox 293 304 349 359; x_wconf 72' lang='lat' dir='ltr'>Reg.</span> <span class='ocrx_word' id='word_1_20' title='bbox 364 305 437 354; x_wconf 64' lang='lat' dir='ltr'>lana.</span> <span class='ocrx_word' id='word_1_21' title='bbox 451 305 461 344; x_wconf 88' lang='lat'><strong>1</strong></span> <span class='ocrx_word' id='word_1_22' title='bbox 473 303 523 344; x_wconf 76' lang='lat' dir='ltr'>Par,</span> <span class='ocrx_word' id='word_1_23' title='bbox 537 299 606 361; x_wconf 59' lang='grc'>536),</span> <span class='ocrx_word' id='word_1_24' title='bbox 617 298 661 343; x_wconf 89' lang='lat' dir='ltr'>Sed</span> <span class='ocrx_word' id='word_1_25' title='bbox 671 299 692 344; x_wconf 92' lang='lat' dir='ltr'>ei</span> <span class='ocrx_word' id='word_1_26' title='bbox 702 298 792 357; x_wconf 79' lang='lat' dir='ltr'>regioni</span> <span class='ocrx_word' id='word_1_27' title='bbox 801 292 877 359; x_wconf 77' lang='lat' dir='ltr'>primo</span> <span class='ocrx_word' id='word_1_28' title='bbox 887 303 991 361; x_wconf 86' lang='lat' dir='ltr'>tempore</span> 
     </span>
     <span class='ocr_line' id='line_1_4' title="bbox 111 369 989 432; baseline -0.005 -13"><span class='ocrx_word' id='word_1_29' title='bbox 111 387 233 432; x_wconf 76' lang='lat' dir='ltr'>oppressae</span> <span class='ocrx_word' id='word_1_30' title='bbox 249 376 271 417; x_wconf 89' lang='lat' dir='ltr'>et</span> <span class='ocrx_word' id='word_1_31' title='bbox 287 372 407 431; x_wconf 72' lang='lat' dir='ltr'>despectae</span> <span class='ocrx_word' id='word_1_32' title='bbox 422 370 536 431; x_wconf 88' lang='lat' dir='ltr'>promittit</span> <span class='ocrx_word' id='word_1_33' title='bbox 552 371 666 431; x_wconf 86' lang='lat' dir='ltr'>propheta</span> <span class='ocrx_word' id='word_1_34' title='bbox 678 377 768 431; x_wconf 79' lang='lat' dir='ltr'>postca,</span> <span class='ocrx_word' id='word_1_35' title='bbox 786 369 868 414; x_wconf 90' lang='lat' dir='ltr'>ultimo</span> <span class='ocrx_word' id='word_1_36' title='bbox 885 372 989 431; x_wconf 86' lang='lat' dir='ltr'>tempore</span> 
     </span>
     <span class='ocr_line' id='line_1_5' title="bbox 109 441 990 503; baseline -0.003 -15"><span class='ocrx_word' id='word_1_37' title='bbox 109 445 186 489; x_wconf 91' lang='lat' dir='ltr'>lucem</span> <span class='ocrx_word' id='word_1_38' title='bbox 197 449 314 501; x_wconf 79' lang='lat' dir='ltr'>magnam.</span> <span class='ocrx_word' id='word_1_39' title='bbox 330 445 500 488; x_wconf 84' lang='lat' dir='ltr'>Lucemautern</span> <span class='ocrx_word' id='word_1_40' title='bbox 511 441 610 500; x_wconf 72' lang='lat' dir='ltr'>intelligi</span> <span class='ocrx_word' id='word_1_41' title='bbox 621 442 766 503; x_wconf 76' lang='lat' dir='ltr'>pressionem,</span> <span class='ocrx_word' id='word_1_42' title='bbox 780 441 841 501; x_wconf 89' lang='lat' dir='ltr'>apud</span> <span class='ocrx_word' id='word_1_43' title='bbox 851 441 990 502; x_wconf 88' lang='lat' dir='ltr'>prophetam</span> 
     </span>
     <span class='ocr_line' id='line_1_6' title="bbox 48 512 990 573; baseline -0.001 -15"><span class='ocrx_word' id='word_1_44' title='bbox 48 525 49 529; x_wconf 76' lang='grc'>’</span> <span class='ocrx_word' id='word_1_45' title='bbox 109 515 157 559; x_wconf 90' lang='lat' dir='ltr'>iam</span> <span class='ocrx_word' id='word_1_46' title='bbox 168 515 292 560; x_wconf 76' lang='lat' dir='ltr'>certissime</span> <span class='ocrx_word' id='word_1_47' title='bbox 303 516 391 559; x_wconf 90' lang='lat' dir='ltr'>constat</span> <span class='ocrx_word' id='word_1_48' title='bbox 402 514 464 559; x_wconf 87' lang='lat' dir='ltr'>exiis</span> <span class='ocrx_word' id='word_1_49' title='bbox 475 529 532 573; x_wconf 88' lang='lat' dir='ltr'>quae</span> <span class='ocrx_word' id='word_1_50' title='bbox 544 517 581 569; x_wconf 80' lang='lat' dir='ltr'>t,5</span> <span class='ocrx_word' id='word_1_51' title='bbox 591 516 613 558; x_wconf 91' lang='lat' dir='ltr'>et</span> <span class='ocrx_word' id='word_1_52' title='bbox 622 517 675 566; x_wconf 67' lang='lat' dir='ltr'>Mt</span> <span class='ocrx_word' id='word_1_53' title='bbox 686 516 770 567; x_wconf 71' lang='lat' dir='ltr'>et&#39;8,10</span> <span class='ocrx_word' id='word_1_54' title='bbox 781 514 884 573; x_wconf 89' lang='lat' dir='ltr'>exposuit</span> <span class='ocrx_word' id='word_1_55' title='bbox 894 515 916 556; x_wconf 92' lang='lat' dir='ltr'>et</span> <span class='ocrx_word' id='word_1_56' title='bbox 926 512 990 557; x_wconf 88' lang='lat' dir='ltr'>exiis</span> 
     </span>
     <span class='ocr_line' id='line_1_7' title="bbox 110 580 1001 646; baseline -0.004 -14"><span class='ocrx_word' id='word_1_57' title='bbox 110 602 168 645; x_wconf 85' lang='lat' dir='ltr'>quae</span> <span class='ocrx_word' id='word_1_58' title='bbox 180 586 256 632; x_wconf 87' lang='lat' dir='ltr'>statim</span> <span class='ocrx_word' id='word_1_59' title='bbox 266 590 303 642; x_wconf 83' lang='grc'>9,5</span> <span class='ocrx_word' id='word_1_60' title='bbox 311 599 358 646; x_wconf 85' lang='lat' dir='ltr'>seq.</span> <span class='ocrx_word' id='word_1_61' title='bbox 370 585 459 642; x_wconf 79' lang='lat' dir='ltr'>subdit3</span> <span class='ocrx_word' id='word_1_62' title='bbox 468 588 587 645; x_wconf 84' lang='lat' dir='ltr'>praeterea</span> <span class='ocrx_word' id='word_1_63' title='bbox 593 584 661 630; x_wconf 86' lang='lat' dir='ltr'>lsaias</span> <span class='ocrx_word' id='word_1_64' title='bbox 671 584 773 630; x_wconf 86' lang='lat' dir='ltr'>llessiam</span> <span class='ocrx_word' id='word_1_65' title='bbox 781 585 871 643; x_wconf 89' lang='lat' dir='ltr'>saepius</span> <span class='ocrx_word' id='word_1_66' title='bbox 880 585 938 629; x_wconf 92' lang='lat' dir='ltr'>lucis</span> <span class='ocrx_word' id='word_1_67' title='bbox 947 598 989 628; x_wconf 94' lang='lat' dir='ltr'>no-</span> <span class='ocrx_word' id='word_1_68' title='bbox 999 580 1001 595; x_wconf 61' lang='lat'><strong>¹</strong></span> 
     </span>
     <span class='ocr_line' id='line_1_8' title="bbox 109 655 987 715; baseline -0.001 -13"><span class='ocrx_word' id='word_1_69' title='bbox 109 658 170 702; x_wconf 90' lang='lat' dir='ltr'>mine</span> <span class='ocrx_word' id='word_1_70' title='bbox 180 658 285 715; x_wconf 80' lang='lat' dir='ltr'>designat</span> <span class='ocrx_word' id='word_1_71' title='bbox 294 661 358 713; x_wconf 74' lang='lat' dir='ltr'>t2‚6;</span> <span class='ocrx_word' id='word_1_72' title='bbox 371 661 434 714; x_wconf 68' lang='lat' dir='ltr'>aas,</span> <span class='ocrx_word' id='word_1_73' title='bbox 446 661 531 712; x_wconf 83' lang='grc'>60,1-3.</span> <span class='ocrx_word' id='word_1_74' title='bbox 542 661 580 712; x_wconf 82' lang='grc'>19;</span> <span class='ocrx_word' id='word_1_75' title='bbox 591 658 642 703; x_wconf 88' lang='lat' dir='ltr'>vide</span> <span class='ocrx_word' id='word_1_76' title='bbox 651 671 727 702; x_wconf 92' lang='lat' dir='ltr'>meum</span> <span class='ocrx_word' id='word_1_77' title='bbox 738 659 862 701; x_wconf 76' lang='lat' dir='ltr'>Commeat.</span> <span class='ocrx_word' id='word_1_78' title='bbox 874 656 899 699; x_wconf 88' lang='lat' dir='ltr'>in</span> <span class='ocrx_word' id='word_1_79' title='bbox 908 655 987 701; x_wconf 87' lang='lat' dir='ltr'>lsaiam</span> 
     </span>
     <span class='ocr_line' id='line_1_9' title="bbox 109 721 1034 789; baseline 0 -16"><span class='ocrx_word' id='word_1_80' title='bbox 109 732 267 789; x_wconf 71' lang='lat' dir='ltr'>lp.218seq.</span> <span class='ocrx_word' id='word_1_81' title='bbox 545 786 546 789; x_wconf 11' lang='grc' dir='ltr'><strong>Ἰ</strong></span> <span class='ocrx_word' id='word_1_82' title='bbox 615 721 631 737; x_wconf 57' lang='grc'>”</span> <span class='ocrx_word' id='word_1_83' title='bbox 701 783 703 789; x_wconf 5' lang='grc' dir='ltr'><em>ὦ</em></span> <span class='ocrx_word' id='word_1_84' title='bbox 764 738 767 739; x_wconf 72' lang='grc'>’</span> <span class='ocrx_word' id='word_1_85' title='bbox 998 733 1034 789; x_wconf 74' lang='grc' dir='ltr'> </span> 
     </span>
     <span class='ocr_line' id='line_1_10' title="bbox 140 795 989 860; baseline -0.004 -15"><span class='ocrx_word' id='word_1_86' title='bbox 140 803 194 845; x_wconf 82' lang='lat' dir='ltr'>Cum</span> <span class='ocrx_word' id='word_1_87' title='bbox 217 816 243 845; x_wconf 91' lang='lat' dir='ltr'>ex</span> <span class='ocrx_word' id='word_1_88' title='bbox 263 801 342 846; x_wconf 85' lang='lat' dir='ltr'>indole</span> <span class='ocrx_word' id='word_1_89' title='bbox 362 795 405 846; x_wconf 80' lang='lat' dir='ltr'>vet.</span> <span class='ocrx_word' id='word_1_90' title='bbox 428 801 692 859; x_wconf 86' lang='lat' dir='ltr'>testamenticalamitas</span> <span class='ocrx_word' id='word_1_91' title='bbox 713 803 735 844; x_wconf 90' lang='lat' dir='ltr'>et</span> <span class='ocrx_word' id='word_1_92' title='bbox 754 799 845 860; x_wconf 86' lang='lat' dir='ltr'>miseria</span> <span class='ocrx_word' id='word_1_93' title='bbox 865 813 939 859; x_wconf 89' lang='lat' dir='ltr'>poena</span> <span class='ocrx_word' id='word_1_94' title='bbox 960 798 989 843; x_wconf 88' lang='lat' dir='ltr'>sit</span> 
     </span>
     <span class='ocr_line' id='line_1_11' title="bbox 109 870 988 930; baseline 0 -16"><span class='ocrx_word' id='word_1_95' title='bbox 109 871 234 930; x_wconf 88' lang='lat' dir='ltr'>impietatis</span> <span class='ocrx_word' id='word_1_96' title='bbox 246 887 272 916; x_wconf 89' lang='lat' dir='ltr'>ac</span> <span class='ocrx_word' id='word_1_97' title='bbox 287 872 421 916; x_wconf 84' lang='lat' dir='ltr'>defectionis</span> <span class='ocrx_word' id='word_1_98' title='bbox 437 886 450 916; x_wconf 91' lang='lat' dir='ltr'>a</span> <span class='ocrx_word' id='word_1_99' title='bbox 462 875 514 927; x_wconf 87' lang='lat' dir='ltr'>Deo,</span> <span class='ocrx_word' id='word_1_100' title='bbox 529 871 638 915; x_wconf 74' lang='lat' dir='ltr'>tenebrae</span> <span class='ocrx_word' id='word_1_101' title='bbox 651 874 673 914; x_wconf 90' lang='lat' dir='ltr'>et</span> <span class='ocrx_word' id='word_1_102' title='bbox 685 870 769 916; x_wconf 87' lang='lat' dir='ltr'>umbra</span> <span class='ocrx_word' id='word_1_103' title='bbox 781 871 861 916; x_wconf 88' lang='lat' dir='ltr'>mortis</span> <span class='ocrx_word' id='word_1_104' title='bbox 870 870 916 915; x_wconf 89' lang='lat' dir='ltr'>iam</span> <span class='ocrx_word' id='word_1_105' title='bbox 926 870 988 929; x_wconf 90' lang='lat' dir='ltr'>apud</span> 
     </span>
     <span class='ocr_line' id='line_1_12' title="bbox 110 941 988 1002; baseline 0 -16"><span class='ocrx_word' id='word_1_106' title='bbox 110 943 247 1002; x_wconf 88' lang='lat' dir='ltr'>prophetam</span> <span class='ocrx_word' id='word_1_107' title='bbox 265 943 333 987; x_wconf 91' lang='lat' dir='ltr'>etiam</span> <span class='ocrx_word' id='word_1_108' title='bbox 351 942 458 987; x_wconf 84' lang='lat' dir='ltr'>miseram</span> <span class='ocrx_word' id='word_1_109' title='bbox 475 941 630 986; x_wconf 89' lang='lat' dir='ltr'>conditionem</span> <span class='ocrx_word' id='word_1_110' title='bbox 648 955 739 986; x_wconf 86' lang='lat' dir='ltr'>morum</span> <span class='ocrx_word' id='word_1_111' title='bbox 754 941 918 1001; x_wconf 74' lang='lat' dir='ltr'>religionisque</span> <span class='ocrx_word' id='word_1_112' title='bbox 935 941 988 986; x_wconf 85' lang='lat' dir='ltr'>satis</span> 
     </span>
     <span class='ocr_line' id='line_1_13' title="bbox 108 1012 987 1072; baseline 0 -16"><span class='ocrx_word' id='word_1_113' title='bbox 108 1013 222 1058; x_wconf 84' lang='lat' dir='ltr'>indicant.</span> <span class='ocrx_word' id='word_1_114' title='bbox 237 1017 310 1067; x_wconf 77' lang='lat' dir='ltr'>Quare</span> <span class='ocrx_word' id='word_1_115' title='bbox 325 1013 438 1058; x_wconf 83' lang='lat' dir='ltr'>dictiones</span> <span class='ocrx_word' id='word_1_116' title='bbox 451 1014 495 1057; x_wconf 77' lang='lat' dir='ltr'>liae</span> <span class='ocrx_word' id='word_1_117' title='bbox 510 1016 562 1072; x_wconf 85' lang='lat' dir='ltr'>apte</span> <span class='ocrx_word' id='word_1_118' title='bbox 576 1013 721 1072; x_wconf 87' lang='lat' dir='ltr'>accipiuntur</span> <span class='ocrx_word' id='word_1_119' title='bbox 735 1012 763 1057; x_wconf 88' lang='lat' dir='ltr'>de</span> <span class='ocrx_word' id='word_1_120' title='bbox 773 1012 873 1057; x_wconf 87' lang='lat' dir='ltr'>tenebris</span> <span class='ocrx_word' id='word_1_121' title='bbox 883 1027 987 1057; x_wconf 90' lang='lat' dir='ltr'>errorum</span> 
     </span>
     <span class='ocr_line' id='line_1_14' title="bbox 78 1074 985 1145; baseline 0 -18"><span class='ocrx_word' id='word_1_122' title='bbox 78 1074 80 1078; x_wconf 51' lang='grc'><strong>’</strong></span> <span class='ocrx_word' id='word_1_123' title='bbox 109 1084 280 1145; x_wconf 71' lang='lat' dir='ltr'>impietatisque</span> <span class='ocrx_word' id='word_1_124' title='bbox 302 1085 386 1144; x_wconf 86' lang='lat' dir='ltr'>quibus</span> <span class='ocrx_word' id='word_1_125' title='bbox 404 1085 468 1143; x_wconf 76' lang='lat' dir='ltr'>regio</span> <span class='ocrx_word' id='word_1_126' title='bbox 486 1083 527 1128; x_wconf 88' lang='lat' dir='ltr'>illa</span> <span class='ocrx_word' id='word_1_127' title='bbox 548 1087 596 1128; x_wconf 92' lang='lat' dir='ltr'>erat</span> <span class='ocrx_word' id='word_1_128' title='bbox 613 1085 721 1129; x_wconf 86' lang='lat' dir='ltr'>immersa</span> <span class='ocrx_word' id='word_1_129' title='bbox 737 1085 769 1142; x_wconf 84' lang='lat' dir='ltr'>(S.</span> <span class='ocrx_word' id='word_1_130' title='bbox 789 1083 866 1143; x_wconf 73' lang='lat' dir='ltr'>Chrys.</span> <span class='ocrx_word' id='word_1_131' title='bbox 889 1082 985 1144; x_wconf 77' lang='lat' dir='ltr'>Theuplr.</span> 
     </span>
     <span class='ocr_line' id='line_1_15' title="bbox 108 1154 988 1216; baseline 0 -17"><span class='ocrx_word' id='word_1_132' title='bbox 108 1154 200 1215; x_wconf 79' lang='lat' dir='ltr'>Eutt.);</span> <span class='ocrx_word' id='word_1_133' title='bbox 221 1170 292 1215; x_wconf 86' lang='lat' dir='ltr'>quare</span> <span class='ocrx_word' id='word_1_134' title='bbox 308 1156 377 1201; x_wconf 84' lang='lat' dir='ltr'>etiam</span> <span class='ocrx_word' id='word_1_135' title='bbox 395 1155 471 1201; x_wconf 81' lang='lat' dir='ltr'>sedere</span> <span class='ocrx_word' id='word_1_136' title='bbox 488 1155 596 1200; x_wconf 89' lang='lat' dir='ltr'>dicuntur</span> <span class='ocrx_word' id='word_1_137' title='bbox 617 1156 632 1200; x_wconf 93' lang='lat' dir='ltr'>i.</span> <span class='ocrx_word' id='word_1_138' title='bbox 653 1170 673 1201; x_wconf 93' lang='lat' dir='ltr'>e.</span> <span class='ocrx_word' id='word_1_139' title='bbox 691 1155 791 1201; x_wconf 88' lang='lat' dir='ltr'>tenebris</span> <span class='ocrx_word' id='word_1_140' title='bbox 809 1156 910 1216; x_wconf 85' lang='lat' dir='ltr'>undique</span> <span class='ocrx_word' id='word_1_141' title='bbox 926 1170 988 1199; x_wconf 92' lang='lat' dir='ltr'>com-</span> 
     </span>
     <span class='ocr_line' id='line_1_16' title="bbox 109 1226 987 1287; baseline 0.001 -17"><span class='ocrx_word' id='word_1_142' title='bbox 109 1227 218 1285; x_wconf 87' lang='lat' dir='ltr'>prehensi</span> <span class='ocrx_word' id='word_1_143' title='bbox 233 1228 325 1272; x_wconf 91' lang='lat' dir='ltr'>nullum</span> <span class='ocrx_word' id='word_1_144' title='bbox 341 1227 408 1281; x_wconf 80' lang='lat' dir='ltr'>edere</span> <span class='ocrx_word' id='word_1_145' title='bbox 424 1230 518 1287; x_wconf 82' lang='lat' dir='ltr'>possunt</span> <span class='ocrx_word' id='word_1_146' title='bbox 533 1229 639 1271; x_wconf 87' lang='lat' dir='ltr'>conatum</span> <span class='ocrx_word' id='word_1_147' title='bbox 655 1242 692 1272; x_wconf 86' lang='lat' dir='ltr'>eas</span> <span class='ocrx_word' id='word_1_148' title='bbox 708 1226 844 1286; x_wconf 89' lang='lat' dir='ltr'>dispellendi</span> <span class='ocrx_word' id='word_1_149' title='bbox 862 1226 897 1269; x_wconf 84' lang='lat' dir='ltr'>rel</span> <span class='ocrx_word' id='word_1_150' title='bbox 913 1241 939 1270; x_wconf 88' lang='lat' dir='ltr'>ex</span> <span class='ocrx_word' id='word_1_151' title='bbox 955 1227 987 1271; x_wconf 92' lang='lat' dir='ltr'>eis</span> 
     </span>
     <span class='ocr_line' id='line_1_17' title="bbox 108 1297 986 1358; baseline 0 -16"><span class='ocrx_word' id='word_1_152' title='bbox 108 1298 252 1356; x_wconf 82' lang='lat' dir='ltr'>emergendi,</span> <span class='ocrx_word' id='word_1_153' title='bbox 273 1298 392 1358; x_wconf 89' lang='lat' dir='ltr'>quiescunt</span> <span class='ocrx_word' id='word_1_154' title='bbox 408 1298 441 1342; x_wconf 89' lang='lat' dir='ltr'>ibi</span> <span class='ocrx_word' id='word_1_155' title='bbox 455 1298 518 1342; x_wconf 78' lang='lat' dir='ltr'>infixi</span> <span class='ocrx_word' id='word_1_156' title='bbox 534 1298 566 1358; x_wconf 86' lang='lat' dir='ltr'>(S.</span> <span class='ocrx_word' id='word_1_157' title='bbox 588 1298 666 1357; x_wconf 69' lang='lat' dir='ltr'>Gln&#39;pe.</span> <span class='ocrx_word' id='word_1_158' title='bbox 682 1297 752 1357; x_wconf 76' lang='lat' dir='ltr'>Ala).</span> <span class='ocrx_word' id='word_1_159' title='bbox 769 1301 846 1357; x_wconf 87' lang='lat' dir='ltr'>Neque</span> <span class='ocrx_word' id='word_1_160' title='bbox 860 1297 986 1355; x_wconf 78' lang='lat' dir='ltr'>incongrue</span> 
     </span>
    </p>
   </div>
   <div class='ocr_carea' id='block_1_3' title="bbox 39 1369 986 1429">
    <p class='ocr_par' dir='ltr' id='par_1_3' title="bbox 39 1369 986 1429">
     <span class='ocr_line' id='line_1_18' title="bbox 39 1369 986 1429; baseline 0.001 -16"><span class='ocrx_word' id='word_1_161' title='bbox 39 1406 41 1408; x_wconf 61' lang='grc'>,</span> <span class='ocrx_word' id='word_1_162' title='bbox 109 1370 215 1414; x_wconf 70' lang='lat' dir='ltr'>scriturum</span> <span class='ocrx_word' id='word_1_163' title='bbox 224 1369 318 1414; x_wconf 73' lang='lat' dir='ltr'>ucortlsl</span> <span class='ocrx_word' id='word_1_164' title='bbox 330 1369 422 1429; x_wconf 82' lang='lat' dir='ltr'>exponit</span> <span class='ocrx_word' id='word_1_165' title='bbox 433 1369 483 1414; x_wconf 83' lang='lat' dir='ltr'>Alb.</span> <span class='ocrx_word' id='word_1_166' title='bbox 499 1385 507 1414; x_wconf 92' lang='lat'><em>:</em></span> <span class='ocrx_word' id='word_1_167' title='bbox 520 1388 530 1410; x_wconf 79' lang='lat' dir='ltr'>u</span> <span class='ocrx_word' id='word_1_168' title='bbox 543 1370 651 1414; x_wconf 86' lang='lat' dir='ltr'>tenebrae</span> <span class='ocrx_word' id='word_1_169' title='bbox 661 1369 722 1414; x_wconf 88' lang='lat' dir='ltr'>enim</span> <span class='ocrx_word' id='word_1_170' title='bbox 733 1369 855 1414; x_wconf 81' lang='lat' dir='ltr'>exteriores</span> <span class='ocrx_word' id='word_1_171' title='bbox 865 1384 923 1428; x_wconf 89' lang='lat' dir='ltr'>quae</span> <span class='ocrx_word' id='word_1_172' title='bbox 933 1373 986 1415; x_wconf 91' lang='lat' dir='ltr'>sunt</span> 
     </span>
    </p>
   </div>
   <div class='ocr_carea' id='block_1_4' title="bbox 57 1440 1014 2781">
    <p class='ocr_par' dir='ltr' id='par_1_4' title="bbox 57 1440 1014 2781">
     <span class='ocr_line' id='line_1_19' title="bbox 108 1440 1014 1500; baseline 0.002 -17"><span class='ocrx_word' id='word_1_173' title='bbox 108 1441 134 1483; x_wconf 82' lang='lat' dir='ltr'>in</span> <span class='ocrx_word' id='word_1_174' title='bbox 147 1440 237 1485; x_wconf 84' lang='lat' dir='ltr'>interno</span> <span class='ocrx_word' id='word_1_175' title='bbox 247 1441 342 1486; x_wconf 89' lang='lat' dir='ltr'>umbras</span> <span class='ocrx_word' id='word_1_176' title='bbox 353 1454 405 1484; x_wconf 87' lang='lat' dir='ltr'>suas</span> <span class='ocrx_word' id='word_1_177' title='bbox 418 1440 543 1500; x_wconf 82' lang='lat' dir='ltr'>proficiunt</span> <span class='ocrx_word' id='word_1_178' title='bbox 553 1440 577 1484; x_wconf 91' lang='lat' dir='ltr'>in</span> <span class='ocrx_word' id='word_1_179' title='bbox 587 1441 646 1484; x_wconf 88' lang='lat' dir='ltr'>hanc</span> <span class='ocrx_word' id='word_1_180' title='bbox 656 1441 726 1484; x_wconf 88' lang='lat' dir='ltr'>vitam</span> <span class='ocrx_word' id='word_1_181' title='bbox 739 1444 760 1484; x_wconf 90' lang='lat' dir='ltr'>et</span> <span class='ocrx_word' id='word_1_182' title='bbox 772 1441 815 1484; x_wconf 89' lang='lat' dir='ltr'>hac</span> <span class='ocrx_word' id='word_1_183' title='bbox 825 1440 920 1484; x_wconf 85' lang='lat' dir='ltr'>umbrae</span> <span class='ocrx_word' id='word_1_184' title='bbox 932 1446 986 1485; x_wconf 89' lang='lat' dir='ltr'>sunt</span> <span class='ocrx_word' id='word_1_185' title='bbox 1012 1473 1014 1477; x_wconf 76' lang='lat'><em>·</em></span> 
     </span>
     <span class='ocr_line' id='line_1_20' title="bbox 107 1510 985 1570; baseline 0.001 -15"><span class='ocrx_word' id='word_1_186' title='bbox 107 1510 217 1555; x_wconf 84' lang='lat' dir='ltr'>tenebrae</span> <span class='ocrx_word' id='word_1_187' title='bbox 233 1511 353 1557; x_wconf 90' lang='lat' dir='ltr'>interiores</span> <span class='ocrx_word' id='word_1_188' title='bbox 369 1511 513 1568; x_wconf 77' lang='lat' dir='ltr'>ignorantiae</span> <span class='ocrx_word' id='word_1_189' title='bbox 530 1514 552 1555; x_wconf 93' lang='lat' dir='ltr'>et</span> <span class='ocrx_word' id='word_1_190' title='bbox 568 1510 712 1556; x_wconf 87' lang='lat' dir='ltr'>obscuritatis</span> <span class='ocrx_word' id='word_1_191' title='bbox 729 1510 819 1570; x_wconf 87' lang='lat' dir='ltr'>peccati</span> <span class='ocrx_word' id='word_1_192' title='bbox 838 1530 848 1553; x_wconf 77' lang='lat' dir='ltr'>a</span> <span class='ocrx_word' id='word_1_193' title='bbox 867 1514 888 1556; x_wconf 94' lang='lat' dir='ltr'>et</span> <span class='ocrx_word' id='word_1_194' title='bbox 906 1513 957 1557; x_wconf 79' lang='lat' dir='ltr'>Cui.</span> <span class='ocrx_word' id='word_1_195' title='bbox 975 1525 985 1556; x_wconf 91' lang='lat'>.·</span> 
     </span>
     <span class='ocr_line' id='line_1_21' title="bbox 109 1581 985 1640; baseline 0.005 -16"><span class='ocrx_word' id='word_1_196' title='bbox 109 1600 119 1623; x_wconf 77' lang='lat' dir='ltr'>x</span> <span class='ocrx_word' id='word_1_197' title='bbox 137 1582 194 1627; x_wconf 87' lang='lat' dir='ltr'>sicut</span> <span class='ocrx_word' id='word_1_198' title='bbox 209 1583 292 1627; x_wconf 87' lang='lat' dir='ltr'>umbra</span> <span class='ocrx_word' id='word_1_199' title='bbox 306 1586 338 1627; x_wconf 89' lang='lat' dir='ltr'>est</span> <span class='ocrx_word' id='word_1_200' title='bbox 352 1583 414 1626; x_wconf 90' lang='lat' dir='ltr'>velut</span> <span class='ocrx_word' id='word_1_201' title='bbox 429 1582 552 1640; x_wconf 79' lang='lat' dir='ltr'>vestigium</span> <span class='ocrx_word' id='word_1_202' title='bbox 564 1582 626 1627; x_wconf 88' lang='lat' dir='ltr'>illius</span> <span class='ocrx_word' id='word_1_203' title='bbox 639 1582 704 1628; x_wconf 90' lang='lat' dir='ltr'>cuius</span> <span class='ocrx_word' id='word_1_204' title='bbox 715 1584 748 1627; x_wconf 90' lang='lat' dir='ltr'>est</span> <span class='ocrx_word' id='word_1_205' title='bbox 757 1581 847 1638; x_wconf 88' lang='lat' dir='ltr'>umbra,</span> <span class='ocrx_word' id='word_1_206' title='bbox 860 1583 892 1626; x_wconf 88' lang='lat' dir='ltr'>ita</span> <span class='ocrx_word' id='word_1_207' title='bbox 903 1584 985 1629; x_wconf 87' lang='lat' dir='ltr'>umbra</span> 
     </span>
     <span class='ocr_line' id='line_1_22' title="bbox 57 1652 985 1714; baseline 0.003 -18"><span class='ocrx_word' id='word_1_208' title='bbox 57 1684 59 1686; x_wconf 28' lang='grc' dir='ltr'>ψ</span> <span class='ocrx_word' id='word_1_209' title='bbox 107 1655 187 1698; x_wconf 86' lang='lat' dir='ltr'>mortis</span> <span class='ocrx_word' id='word_1_210' title='bbox 204 1654 266 1698; x_wconf 84' lang='lat' dir='ltr'>velut</span> <span class='ocrx_word' id='word_1_211' title='bbox 281 1654 402 1711; x_wconf 76' lang='lat' dir='ltr'>vestigium</span> <span class='ocrx_word' id='word_1_212' title='bbox 419 1657 452 1698; x_wconf 89' lang='lat' dir='ltr'>cst</span> <span class='ocrx_word' id='word_1_213' title='bbox 472 1653 561 1708; x_wconf 86' lang='lat' dir='ltr'>mortis;</span> <span class='ocrx_word' id='word_1_214' title='bbox 578 1657 600 1698; x_wconf 90' lang='lat' dir='ltr'>et</span> <span class='ocrx_word' id='word_1_215' title='bbox 615 1653 708 1714; x_wconf 89' lang='lat' dir='ltr'>proprie</span> <span class='ocrx_word' id='word_1_216' title='bbox 723 1652 837 1711; x_wconf 79' lang='lat' dir='ltr'>significat</span> <span class='ocrx_word' id='word_1_217' title='bbox 851 1655 948 1699; x_wconf 86' lang='lat' dir='ltr'>terrores</span> <span class='ocrx_word' id='word_1_218' title='bbox 963 1658 985 1699; x_wconf 91' lang='lat' dir='ltr'>et</span> 
     </span>
     <span class='ocr_line' id='line_1_23' title="bbox 106 1716 984 1784; baseline 0.005 -18"><span class='ocrx_word' id='word_1_219' title='bbox 106 1716 214 1770; x_wconf 88' lang='lat' dir='ltr'>horrores</span> <span class='ocrx_word' id='word_1_220' title='bbox 227 1726 306 1770; x_wconf 89' lang='lat' dir='ltr'>mortis</span> <span class='ocrx_word' id='word_1_221' title='bbox 316 1728 338 1769; x_wconf 90' lang='lat' dir='ltr'>et</span> <span class='ocrx_word' id='word_1_222' title='bbox 348 1740 390 1784; x_wconf 90' lang='lat' dir='ltr'>per</span> <span class='ocrx_word' id='word_1_223' title='bbox 400 1725 560 1784; x_wconf 79' lang='lat' dir='ltr'>metaphoram</span> <span class='ocrx_word' id='word_1_224' title='bbox 569 1725 705 1769; x_wconf 79' lang='lat' dir='ltr'>transfertur</span> <span class='ocrx_word' id='word_1_225' title='bbox 715 1725 744 1768; x_wconf 90' lang='lat' dir='ltr'>ad</span> <span class='ocrx_word' id='word_1_226' title='bbox 753 1727 851 1768; x_wconf 86' lang='lat' dir='ltr'>mortem</span> <span class='ocrx_word' id='word_1_227' title='bbox 864 1726 952 1770; x_wconf 88' lang='lat' dir='ltr'>animae</span> <span class='ocrx_word' id='word_1_228' title='bbox 962 1730 984 1770; x_wconf 88' lang='lat' dir='ltr'>et</span> 
     </span>
     <span class='ocr_line' id='line_1_24' title="bbox 107 1795 984 1854; baseline 0.002 -15"><span class='ocrx_word' id='word_1_229' title='bbox 107 1796 211 1840; x_wconf 87' lang='lat' dir='ltr'>internae</span> <span class='ocrx_word' id='word_1_230' title='bbox 227 1796 316 1847; x_wconf 87' lang='lat' dir='ltr'>animae</span> <span class='ocrx_word' id='word_1_231' title='bbox 331 1796 452 1852; x_wconf 87' lang='lat' dir='ltr'>tenebrae,</span> <span class='ocrx_word' id='word_1_232' title='bbox 470 1795 601 1852; x_wconf 74' lang='lat' dir='ltr'>ignorantia</span> <span class='ocrx_word' id='word_1_233' title='bbox 617 1798 640 1840; x_wconf 89' lang='lat' dir='ltr'>et</span> <span class='ocrx_word' id='word_1_234' title='bbox 654 1798 759 1854; x_wconf 90' lang='lat' dir='ltr'>peccata,</span> <span class='ocrx_word' id='word_1_235' title='bbox 776 1798 887 1840; x_wconf 90' lang='lat' dir='ltr'>vocantur</span> <span class='ocrx_word' id='word_1_236' title='bbox 901 1797 938 1841; x_wconf 91' lang='lat' dir='ltr'>hic</span> <span class='ocrx_word' id='word_1_237' title='bbox 955 1797 984 1841; x_wconf 90' lang='lat' dir='ltr'>ad</span> 
     </span>
     <span class='ocr_line' id='line_1_25' title="bbox 105 1858 1000 1927; baseline 0.002 -17"><span class='ocrx_word' id='word_1_238' title='bbox 105 1866 207 1911; x_wconf 88' lang='lat' dir='ltr'>litteram</span> <span class='ocrx_word' id='word_1_239' title='bbox 218 1867 302 1911; x_wconf 88' lang='lat' dir='ltr'>umbra</span> <span class='ocrx_word' id='word_1_240' title='bbox 308 1866 397 1926; x_wconf 78' lang='lat' dir='ltr'>martie,</span> <span class='ocrx_word' id='word_1_241' title='bbox 410 1869 528 1926; x_wconf 85' lang='lat' dir='ltr'>tamquam</span> <span class='ocrx_word' id='word_1_242' title='bbox 538 1880 598 1911; x_wconf 87' lang='lat' dir='ltr'>mors</span> <span class='ocrx_word' id='word_1_243' title='bbox 608 1866 659 1927; x_wconf 87' lang='lat' dir='ltr'>ipsa</span> <span class='ocrx_word' id='word_1_244' title='bbox 672 1867 700 1911; x_wconf 90' lang='lat' dir='ltr'>sit</span> <span class='ocrx_word' id='word_1_245' title='bbox 708 1866 926 1911; x_wconf 73' lang='lat' dir='ltr'>aeterna&#39;damnatio</span> <span class='ocrx_word' id='word_1_246' title='bbox 937 1884 983 1927; x_wconf 88' lang='lat' dir='ltr'>qua</span> <span class='ocrx_word' id='word_1_247' title='bbox 998 1858 1000 1862; x_wconf 41' lang='lat'><strong><em>¹</em></strong></span> 
     </span>
     <span class='ocr_line' id='line_1_26' title="bbox 106 1937 983 1998; baseline 0 -15"><span class='ocrx_word' id='word_1_248' title='bbox 106 1938 153 1983; x_wconf 92' lang='lat' dir='ltr'>sine</span> <span class='ocrx_word' id='word_1_249' title='bbox 164 1953 204 1998; x_wconf 90' lang='lat' dir='ltr'>spe</span> <span class='ocrx_word' id='word_1_250' title='bbox 215 1938 274 1982; x_wconf 86' lang='lat' dir='ltr'>vitae</span> <span class='ocrx_word' id='word_1_251' title='bbox 285 1938 362 1982; x_wconf 90' lang='lat' dir='ltr'>anima</span> <span class='ocrx_word' id='word_1_252' title='bbox 372 1941 463 1982; x_wconf 88' lang='lat' dir='ltr'>mortua</span> <span class='ocrx_word' id='word_1_253' title='bbox 474 1941 506 1982; x_wconf 90' lang='lat' dir='ltr'>est</span> <span class='ocrx_word' id='word_1_254' title='bbox 517 1956 537 1982; x_wconf 80' lang='lat' dir='ltr'>u.</span> <span class='ocrx_word' id='word_1_255' title='bbox 550 1941 620 1989; x_wconf 77' lang='lat' dir='ltr'>Quam</span> <span class='ocrx_word' id='word_1_256' title='bbox 633 1937 731 1981; x_wconf 89' lang='lat' dir='ltr'>maxime</span> <span class='ocrx_word' id='word_1_257' title='bbox 742 1938 832 1982; x_wconf 89' lang='lat' dir='ltr'>miseris</span> <span class='ocrx_word' id='word_1_258' title='bbox 842 1938 920 1997; x_wconf 86' lang='lat' dir='ltr'>itaque</span> <span class='ocrx_word' id='word_1_259' title='bbox 932 1947 983 1984; x_wconf 81' lang='lat' dir='ltr'>ortu</span> 
     </span>
     <span class='ocr_line' id='line_1_27' title="bbox 106 2003 982 2069; baseline 0.001 -16"><span class='ocrx_word' id='word_1_260' title='bbox 106 2017 138 2053; x_wconf 82' lang='lat' dir='ltr'>est</span> <span class='ocrx_word' id='word_1_261' title='bbox 152 2009 205 2066; x_wconf 79' lang='lat' dir='ltr'>laca;</span> <span class='ocrx_word' id='word_1_262' title='bbox 219 2009 334 2057; x_wconf 89' lang='lat' dir='ltr'>indicatur</span> <span class='ocrx_word' id='word_1_263' title='bbox 350 2023 432 2053; x_wconf 89' lang='lat' dir='ltr'>munus</span> <span class='ocrx_word' id='word_1_264' title='bbox 445 2008 534 2055; x_wconf 88' lang='lat' dir='ltr'>llessiae</span> <span class='ocrx_word' id='word_1_265' title='bbox 549 2010 588 2067; x_wconf 87' lang='lat' dir='ltr'>qui</span> <span class='ocrx_word' id='word_1_266' title='bbox 602 2012 627 2053; x_wconf 94' lang='lat' dir='ltr'>ut</span> <span class='ocrx_word' id='word_1_267' title='bbox 640 2008 742 2066; x_wconf 89' lang='lat' dir='ltr'>medicus</span> <span class='ocrx_word' id='word_1_268' title='bbox 756 2008 855 2054; x_wconf 85' lang='lat' dir='ltr'>infirmis</span> <span class='ocrx_word' id='word_1_269' title='bbox 869 2024 935 2069; x_wconf 90' lang='lat' dir='ltr'>opem</span> <span class='ocrx_word' id='word_1_270' title='bbox 950 2003 982 2054; x_wconf 84' lang='lat' dir='ltr'>al-</span> 
     </span>
     <span class='ocr_line' id='line_1_28' title="bbox 105 2079 981 2139; baseline 0.002 -16"><span class='ocrx_word' id='word_1_271' title='bbox 105 2081 159 2134; x_wconf 81' lang='lat' dir='ltr'>lert,</span> <span class='ocrx_word' id='word_1_272' title='bbox 176 2079 291 2124; x_wconf 87' lang='lat' dir='ltr'>indicatur</span> <span class='ocrx_word' id='word_1_273' title='bbox 309 2081 384 2137; x_wconf 77' lang='lat' dir='ltr'>gratia</span> <span class='ocrx_word' id='word_1_274' title='bbox 397 2079 445 2124; x_wconf 89' lang='lat' dir='ltr'>eius</span> <span class='ocrx_word' id='word_1_275' title='bbox 459 2079 608 2139; x_wconf 87' lang='lat' dir='ltr'>praeveniens</span> <span class='ocrx_word' id='word_1_276' title='bbox 626 2079 836 2124; x_wconf 85' lang='lat' dir='ltr'>etimmerentibus</span> <span class='ocrx_word' id='word_1_277' title='bbox 851 2080 938 2137; x_wconf 88' lang='lat' dir='ltr'>oblata,</span> <span class='ocrx_word' id='word_1_278' title='bbox 957 2085 981 2125; x_wconf 92' lang='lat' dir='ltr'>ut</span> 
     </span>
     <span class='ocr_line' id='line_1_29' title="bbox 106 2149 981 2211; baseline 0.003 -17"><span class='ocrx_word' id='word_1_279' title='bbox 106 2151 203 2211; x_wconf 78' lang='lat' dir='ltr'>thopd.</span> <span class='ocrx_word' id='word_1_280' title='bbox 215 2154 280 2196; x_wconf 90' lang='lat' dir='ltr'>notat</span> <span class='ocrx_word' id='word_1_281' title='bbox 291 2150 321 2195; x_wconf 87' lang='lat' dir='ltr'>ad</span> <span class='ocrx_word' id='word_1_282' title='bbox 337 2158 387 2195; x_wconf 81' lang='lat' dir='ltr'>orto</span> <span class='ocrx_word' id='word_1_283' title='bbox 403 2159 435 2195; x_wconf 81' lang='lat' dir='ltr'>est</span> <span class='ocrx_word' id='word_1_284' title='bbox 449 2165 457 2194; x_wconf 92' lang='grc'>.·</span> <span class='ocrx_word' id='word_1_285' title='bbox 476 2168 486 2191; x_wconf 77' lang='lat' dir='ltr'>u</span> <span class='ocrx_word' id='word_1_286' title='bbox 503 2166 551 2195; x_wconf 89' lang='lat' dir='ltr'>non</span> <span class='ocrx_word' id='word_1_287' title='bbox 563 2152 624 2196; x_wconf 89' lang='lat' dir='ltr'>enim</span> <span class='ocrx_word' id='word_1_288' title='bbox 636 2149 788 2210; x_wconf 87' lang='lat' dir='ltr'>quaesivimus</span> <span class='ocrx_word' id='word_1_289' title='bbox 801 2150 866 2195; x_wconf 90' lang='lat' dir='ltr'>illam</span> <span class='ocrx_word' id='word_1_290' title='bbox 879 2166 928 2207; x_wconf 88' lang='lat' dir='ltr'>nos,</span> <span class='ocrx_word' id='word_1_291' title='bbox 942 2153 981 2197; x_wconf 90' lang='lat' dir='ltr'>sed</span> 
     </span>
     <span class='ocr_line' id='line_1_30' title="bbox 75 2211 979 2282; baseline -0.002 -16"><span class='ocrx_word' id='word_1_292' title='bbox 75 2211 78 2214; x_wconf 75' lang='lat'>.</span> <span class='ocrx_word' id='word_1_293' title='bbox 104 2222 144 2266; x_wconf 89' lang='lat' dir='ltr'>illa</span> <span class='ocrx_word' id='word_1_294' title='bbox 155 2223 262 2282; x_wconf 87' lang='lat' dir='ltr'>apparuit</span> <span class='ocrx_word' id='word_1_295' title='bbox 271 2221 337 2266; x_wconf 90' lang='lat' dir='ltr'>nobis</span> <span class='ocrx_word' id='word_1_296' title='bbox 348 2222 414 2282; x_wconf 88' lang='lat' dir='ltr'>quasi</span> <span class='ocrx_word' id='word_1_297' title='bbox 424 2236 465 2266; x_wconf 91' lang='lat' dir='ltr'>nos</span> <span class='ocrx_word' id='word_1_298' title='bbox 476 2236 588 2281; x_wconf 86' lang='lat' dir='ltr'>quaerens</span> <span class='ocrx_word' id='word_1_299' title='bbox 600 2240 620 2267; x_wconf 72' lang='lat' dir='ltr'>a.</span> <span class='ocrx_word' id='word_1_300' title='bbox 977 2238 979 2242; x_wconf 55' lang='lat'><strong><em>⁴</em></strong></span> 
     </span>
     <span class='ocr_line' id='line_1_31' title="bbox 135 2293 978 2353; baseline 0.004 -16"><span class='ocrx_word' id='word_1_301' title='bbox 135 2295 202 2345; x_wconf 78' lang='lat' dir='ltr'>Quale</span> <span class='ocrx_word' id='word_1_302' title='bbox 213 2294 291 2338; x_wconf 91' lang='lat' dir='ltr'>lumen</span> <span class='ocrx_word' id='word_1_303' title='bbox 307 2293 413 2353; x_wconf 89' lang='lat' dir='ltr'>ipsalux,</span> <span class='ocrx_word' id='word_1_304' title='bbox 430 2293 526 2348; x_wconf 83' lang='lat' dir='ltr'>Messias,</span> <span class='ocrx_word' id='word_1_305' title='bbox 543 2293 589 2338; x_wconf 89' lang='lat' dir='ltr'>illis</span> <span class='ocrx_word' id='word_1_306' title='bbox 604 2293 692 2348; x_wconf 84' lang='lat' dir='ltr'>afferat,</span> <span class='ocrx_word' id='word_1_307' title='bbox 709 2295 787 2353; x_wconf 88' lang='lat' dir='ltr'>paucis</span> <span class='ocrx_word' id='word_1_308' title='bbox 801 2294 947 2340; x_wconf 84' lang='lat' dir='ltr'>declarantur</span> <span class='ocrx_word' id='word_1_309' title='bbox 957 2311 978 2340; x_wconf 93' lang='lat' dir='ltr'>v.</span> 
     </span>
     <span class='ocr_line' id='line_1_32' title="bbox 105 2364 981 2424; baseline 0.002 -15"><span class='ocrx_word' id='word_1_310' title='bbox 105 2370 131 2409; x_wconf 82' lang='lat'>17</span> <span class='ocrx_word' id='word_1_311' title='bbox 143 2364 232 2421; x_wconf 71' lang='lat' dir='ltr'>exinde,</span> <span class='ocrx_word' id='word_1_312' title='bbox 248 2368 285 2411; x_wconf 68' lang='lat' dir='ltr'>aaa</span> <span class='ocrx_word' id='word_1_313' title='bbox 300 2369 352 2420; x_wconf 76' lang='grc' dir='ltr'>τότε,</span> <span class='ocrx_word' id='word_1_314' title='bbox 370 2379 417 2409; x_wconf 87' lang='lat' dir='ltr'>non</span> <span class='ocrx_word' id='word_1_315' title='bbox 433 2365 498 2424; x_wconf 88' lang='lat' dir='ltr'>quasi</span> <span class='ocrx_word' id='word_1_316' title='bbox 513 2368 578 2409; x_wconf 88' lang='lat' dir='ltr'>antea</span> <span class='ocrx_word' id='word_1_317' title='bbox 588 2364 689 2410; x_wconf 78' lang='lat' dir='ltr'>Christus</span> <span class='ocrx_word' id='word_1_318' title='bbox 699 2365 763 2408; x_wconf 91' lang='lat' dir='ltr'>nullo</span> <span class='ocrx_word' id='word_1_319' title='bbox 775 2365 842 2408; x_wconf 88' lang='lat' dir='ltr'>modo</span> <span class='ocrx_word' id='word_1_320' title='bbox 858 2366 883 2408; x_wconf 85' lang='lat' dir='ltr'>in</span> <span class='ocrx_word' id='word_1_321' title='bbox 897 2367 981 2411; x_wconf 87' lang='lat' dir='ltr'>Iudaea</span> 
     </span>
     <span class='ocr_line' id='line_1_33' title="bbox 103 2435 979 2495; baseline 0.002 -16"><span class='ocrx_word' id='word_1_322' title='bbox 103 2437 264 2495; x_wconf 85' lang='lat' dir='ltr'>praedicasset,</span> <span class='ocrx_word' id='word_1_323' title='bbox 279 2436 319 2479; x_wconf 89' lang='lat' dir='ltr'>sed</span> <span class='ocrx_word' id='word_1_324' title='bbox 332 2435 401 2479; x_wconf 86' lang='lat' dir='ltr'>dictio</span> <span class='ocrx_word' id='word_1_325' title='bbox 412 2437 511 2480; x_wconf 83' lang='lat' dir='ltr'>refertur</span> <span class='ocrx_word' id='word_1_326' title='bbox 521 2436 551 2479; x_wconf 87' lang='lat' dir='ltr'>ad</span> <span class='ocrx_word' id='word_1_327' title='bbox 561 2450 582 2478; x_wconf 86' lang='grc' dir='ltr'>ν.</span> <span class='ocrx_word' id='word_1_328' title='bbox 598 2439 625 2479; x_wconf 86' lang='grc'>13</span> <span class='ocrx_word' id='word_1_329' title='bbox 638 2438 660 2478; x_wconf 91' lang='lat' dir='ltr'>et</span> <span class='ocrx_word' id='word_1_330' title='bbox 670 2435 775 2492; x_wconf 76' lang='lat' dir='ltr'>designat</span> <span class='ocrx_word' id='word_1_331' title='bbox 784 2435 877 2479; x_wconf 89' lang='lat' dir='ltr'>initium</span> <span class='ocrx_word' id='word_1_332' title='bbox 887 2438 979 2494; x_wconf 89' lang='lat' dir='ltr'>praedi·</span> 
     </span>
     <span class='ocr_line' id='line_1_34' title="bbox 104 2497 980 2568; baseline 0.002 -17"><span class='ocrx_word' id='word_1_333' title='bbox 104 2506 198 2551; x_wconf 83' lang='lat' dir='ltr'>cationis</span> <span class='ocrx_word' id='word_1_334' title='bbox 210 2506 234 2548; x_wconf 89' lang='lat' dir='ltr'>in</span> <span class='ocrx_word' id='word_1_335' title='bbox 249 2506 407 2564; x_wconf 73' lang='lat' dir='ltr'>capharnaum</span> <span class='ocrx_word' id='word_1_336' title='bbox 419 2510 440 2549; x_wconf 90' lang='lat' dir='ltr'>et</span> <span class='ocrx_word' id='word_1_337' title='bbox 455 2497 574 2560; x_wconf 77' lang='lat' dir='ltr'>confiniis3</span> <span class='ocrx_word' id='word_1_338' title='bbox 589 2505 663 2565; x_wconf 77' lang='lat' dir='ltr'>coepit</span> <span class='ocrx_word' id='word_1_339' title='bbox 673 2505 807 2566; x_wconf 76' lang='lat' dir='ltr'>praedicare</span> <span class='ocrx_word' id='word_1_340' title='bbox 821 2514 923 2566; x_wconf 72' lang='grc' dir='ltr'>κηρύσσειν</span> <span class='ocrx_word' id='word_1_341' title='bbox 934 2524 980 2568; x_wconf 87' lang='lat' dir='ltr'>qua</span> 
     </span>
     <span class='ocr_line' id='line_1_35' title="bbox 102 2576 979 2637; baseline 0.002 -16"><span class='ocrx_word' id='word_1_342' title='bbox 102 2593 157 2622; x_wconf 88' lang='lat' dir='ltr'>voce</span> <span class='ocrx_word' id='word_1_343' title='bbox 167 2576 308 2622; x_wconf 87' lang='lat' dir='ltr'>sollemnitas</span> <span class='ocrx_word' id='word_1_344' title='bbox 319 2576 432 2636; x_wconf 88' lang='lat' dir='ltr'>quaedam</span> <span class='ocrx_word' id='word_1_345' title='bbox 443 2580 464 2621; x_wconf 90' lang='lat' dir='ltr'>et</span> <span class='ocrx_word' id='word_1_346' title='bbox 476 2576 547 2634; x_wconf 81' lang='lat' dir='ltr'>legati</span> <span class='ocrx_word' id='word_1_347' title='bbox 556 2578 678 2623; x_wconf 88' lang='lat' dir='ltr'>auctoritas</span> <span class='ocrx_word' id='word_1_348' title='bbox 688 2577 829 2637; x_wconf 81' lang='lat' dir='ltr'>exprimitur,</span> <span class='ocrx_word' id='word_1_349' title='bbox 842 2578 919 2624; x_wconf 84' lang='lat' dir='ltr'>velut:</span> <span class='ocrx_word' id='word_1_350' title='bbox 932 2594 979 2625; x_wconf 90' lang='lat' dir='ltr'>esse</span> 
     </span>
     <span class='ocr_line' id='line_1_36' title="bbox 101 2648 978 2709; baseline 0.001 -16"><span class='ocrx_word' id='word_1_351' title='bbox 101 2663 237 2709; x_wconf 87' lang='lat' dir='ltr'>praeconem</span> <span class='ocrx_word' id='word_1_352' title='bbox 253 2651 275 2693; x_wconf 90' lang='lat' dir='ltr'>et</span> <span class='ocrx_word' id='word_1_353' title='bbox 291 2648 364 2693; x_wconf 87' lang='lat' dir='ltr'>lacere</span> <span class='ocrx_word' id='word_1_354' title='bbox 385 2648 540 2708; x_wconf 87' lang='lat' dir='ltr'>praeconium.</span> <span class='ocrx_word' id='word_1_355' title='bbox 559 2649 648 2708; x_wconf 83' lang='lat' dir='ltr'>Incipit,</span> <span class='ocrx_word' id='word_1_356' title='bbox 671 2652 697 2694; x_wconf 91' lang='lat' dir='ltr'>ut</span> <span class='ocrx_word' id='word_1_357' title='bbox 713 2649 737 2694; x_wconf 88' lang='lat' dir='ltr'>S.</span> <span class='ocrx_word' id='word_1_358' title='bbox 759 2648 836 2708; x_wconf 80' lang='lat' dir='ltr'>Gtrps.</span> <span class='ocrx_word' id='word_1_359' title='bbox 857 2653 930 2706; x_wconf 88' lang='lat' dir='ltr'>notat,</span> <span class='ocrx_word' id='word_1_360' title='bbox 949 2652 978 2694; x_wconf 86' lang='lat' dir='ltr'>ab</span> 
     </span>
     <span class='ocr_line' id='line_1_37' title="bbox 102 2719 977 2781; baseline 0.002 -18"><span class='ocrx_word' id='word_1_361' title='bbox 102 2719 275 2764; x_wconf 86' lang='lat' dir='ltr'>annuntiatione</span> <span class='ocrx_word' id='word_1_362' title='bbox 286 2720 407 2774; x_wconf 88' lang='lat' dir='ltr'>bonorum,</span> <span class='ocrx_word' id='word_1_363' title='bbox 425 2736 439 2765; x_wconf 89' lang='lat' dir='ltr'>a</span> <span class='ocrx_word' id='word_1_364' title='bbox 449 2720 532 2774; x_wconf 88' lang='lat' dir='ltr'>salute,</span> <span class='ocrx_word' id='word_1_365' title='bbox 543 2719 603 2764; x_wconf 88' lang='lat' dir='ltr'>nihil</span> <span class='ocrx_word' id='word_1_366' title='bbox 616 2720 703 2765; x_wconf 88' lang='lat' dir='ltr'>addens</span> <span class='ocrx_word' id='word_1_367' title='bbox 714 2720 838 2775; x_wconf 84' lang='lat' dir='ltr'>minarum,</span> <span class='ocrx_word' id='word_1_368' title='bbox 853 2723 876 2765; x_wconf 88' lang='lat' dir='ltr'>et</span> <span class='ocrx_word' id='word_1_369' title='bbox 889 2721 908 2765; x_wconf 91' lang='lat' dir='ltr'>si</span> <span class='ocrx_word' id='word_1_370' title='bbox 921 2722 977 2781; x_wconf 88' lang='lat' dir='ltr'>quid</span> 
     </span>
    </p>
   </div>
   <div class='ocr_carea' id='block_1_5' title="bbox 124 2894 977 2961">
    <p class='ocr_par' dir='ltr' id='par_1_5' title="bbox 124 2894 977 2961">
     <span class='ocr_line' id='line_1_38' title="bbox 124 2894 977 2961; baseline 0.001 -26"><span class='ocrx_word' id='word_1_371' title='bbox 124 2905 137 2935; x_wconf 85' lang='grc'>1.</span> <span class='ocrx_word' id='word_1_372' title='bbox 151 2903 254 2936; x_wconf 86' lang='lat' dir='ltr'>Hebraicnm</span> <span class='ocrx_word' id='word_1_373' title='bbox 267 2894 332 2961; x_wconf 56' lang='lat' dir='ltr'>npssp</span> <span class='ocrx_word' id='word_1_374' title='bbox 343 2906 408 2938; x_wconf 83' lang='lat' dir='ltr'>veteres</span> <span class='ocrx_word' id='word_1_375' title='bbox 418 2905 472 2946; x_wconf 76' lang='lat' dir='ltr'>(LXX,</span> <span class='ocrx_word' id='word_1_376' title='bbox 481 2905 511 2947; x_wconf 74' lang='lat' dir='ltr'>tq.</span> <span class='ocrx_word' id='word_1_377' title='bbox 522 2905 567 2946; x_wconf 77' lang='lat' dir='ltr'>Sym.</span> <span class='ocrx_word' id='word_1_378' title='bbox 579 2904 644 2938; x_wconf 84' lang='lat' dir='ltr'>Theod.</span> <span class='ocrx_word' id='word_1_379' title='bbox 656 2904 703 2937; x_wconf 86' lang='lat' dir='ltr'>Hier.</span> <span class='ocrx_word' id='word_1_380' title='bbox 713 2902 772 2936; x_wconf 81' lang='lat' dir='ltr'>chald.</span> <span class='ocrx_word' id='word_1_381' title='bbox 785 2897 844 2948; x_wconf 60' lang='lat' dir='ltr'>Syrus)</span> <span class='ocrx_word' id='word_1_382' title='bbox 858 2904 944 2947; x_wconf 85' lang='lat' dir='ltr'>explicant</span> <span class='ocrx_word' id='word_1_383' title='bbox 958 2906 977 2936; x_wconf 88' lang='lat' dir='ltr'>ut</span> 
     </span>
    </p>
   </div>
   <div class='ocr_carea' id='block_1_6' title="bbox 100 2979 978 3086">
    <p class='ocr_par' dir='ltr' id='par_1_6' title="bbox 100 2979 978 3086">
     <span class='ocr_line' id='line_1_39' title="bbox 101 2979 978 3024; baseline 0 -12"><span class='ocrx_word' id='word_1_384' title='bbox 101 2988 163 3013; x_wconf 90' lang='lat' dir='ltr'>nomen</span> <span class='ocrx_word' id='word_1_385' title='bbox 172 2979 284 3021; x_wconf 85' lang='lat' dir='ltr'>compositum</span> <span class='ocrx_word' id='word_1_386' title='bbox 293 2980 370 3014; x_wconf 66' lang='lat' dir='ltr'>inutilem</span> <span class='ocrx_word' id='word_1_387' title='bbox 380 2982 446 3015; x_wconf 83' lang='lat' dir='ltr'>mortis.</span> <span class='ocrx_word' id='word_1_388' title='bbox 456 2981 564 3015; x_wconf 74' lang='lat' dir='ltr'>recentiores</span> <span class='ocrx_word' id='word_1_389' title='bbox 571 2982 623 3015; x_wconf 83' lang='lat' dir='ltr'>talem</span> <span class='ocrx_word' id='word_1_390' title='bbox 633 2979 775 3023; x_wconf 87' lang='lat' dir='ltr'>compositionem</span> <span class='ocrx_word' id='word_1_391' title='bbox 784 2981 902 3024; x_wconf 83' lang='lat' dir='ltr'>relinquentes</span> <span class='ocrx_word' id='word_1_392' title='bbox 910 2982 978 3015; x_wconf 85' lang='lat' dir='ltr'>malunt</span> 
     </span>
     <span class='ocr_line' id='line_1_40' title="bbox 100 3022 977 3086; baseline 0 -20"><span class='ocrx_word' id='word_1_393' title='bbox 100 3033 156 3075; x_wconf 81' lang='lat' dir='ltr'>legere</span> <span class='ocrx_word' id='word_1_394' title='bbox 170 3023 237 3086; x_wconf 56' lang='lat' dir='ltr'>l&#39;tllssss</span> <span class='ocrx_word' id='word_1_395' title='bbox 247 3022 304 3073; x_wconf 57' lang='lat' dir='ltr'>antu*</span> <span class='ocrx_word' id='word_1_396' title='bbox 324 3042 362 3066; x_wconf 88' lang='lat' dir='ltr'>cum</span> <span class='ocrx_word' id='word_1_397' title='bbox 379 3035 477 3068; x_wconf 82' lang='lat' dir='ltr'>intersilute</span> <span class='ocrx_word' id='word_1_398' title='bbox 489 3043 548 3068; x_wconf 89' lang='lat' dir='ltr'>sensus</span> <span class='ocrx_word' id='word_1_399' title='bbox 566 3034 635 3075; x_wconf 78' lang='lat' dir='ltr'>:caligo</span> <span class='ocrx_word' id='word_1_400' title='bbox 646 3030 751 3067; x_wconf 72' lang='lat' dir='ltr'>‹lensissima</span> <span class='ocrx_word' id='word_1_401' title='bbox 766 3034 808 3068; x_wconf 83' lang='lat' dir='ltr'>Vide</span> <span class='ocrx_word' id='word_1_402' title='bbox 821 3043 865 3077; x_wconf 84' lang='lat' dir='ltr'>quae</span> <span class='ocrx_word' id='word_1_403' title='bbox 880 3035 938 3069; x_wconf 79' lang='lat' dir='ltr'>notavi</span> <span class='ocrx_word' id='word_1_404' title='bbox 955 3033 977 3066; x_wconf 86' lang='lat' dir='ltr'>ad</span> 
     </span>
    </p>
   </div>
   <div class='ocr_carea' id='block_1_7' title="bbox 99 3100 162 3141">
    <p class='ocr_par' dir='ltr' id='par_1_7' title="bbox 99 3100 162 3141">
     <span class='ocr_line' id='line_1_41' title="bbox 99 3100 162 3141; baseline 0 -10"><span class='ocrx_word' id='word_1_405' title='bbox 99 3100 121 3132; x_wconf 91' lang='lat' dir='ltr'>Is.</span> <span class='ocrx_word' id='word_1_406' title='bbox 132 3102 162 3141; x_wconf 77' lang='lat'>9,2.</span> 
     </span>
    </p>
   </div>
   <div class='ocr_carea' id='block_1_8' title="bbox 0 0 1124 3511">
    <p class='ocr_par' dir='ltr' id='par_1_8' title="bbox 0 0 1124 3511">
     <span class='ocr_line' id='line_1_42' title="bbox 0 0 1124 3511; baseline 0 4"><span class='ocrx_word' id='word_1_407' title='bbox 0 0 1124 3511; x_wconf 95' lang='lat' dir='ltr'> </span> 
     </span>
    </p>
   </div>
  </div>
 </body>
</html>
