2211 3575
430 217 455 245 nn
470 216 562 246 sannionn
577 216 638 245 nour.
669 215 673 220 ⁴
840 217 842 220 ·
938 213 976 254 ⁶227

89 305 129 346 alio
141 308 238 360 tempore
249 305 339 358 aliisque
350 307 372 346 in
381 306 537 357 occasionibus,
549 306 638 359 proinde
649 305 771 347 sermonem
782 307 839 347 hunc
847 307 872 346 ab
884 317 974 358 evange-

89 372 138 412 lista
148 383 194 413 esse
205 373 337 413 contextum.
347 372 370 412 ld
379 373 457 425 quippe
468 386 512 414 non
520 373 622 415 continuo
630 372 731 425 sequitur.
742 373 798 420 Quae
810 374 842 413 est
852 372 910 412 enim
921 372 975 412 ratio

91 436 145 477 vitae
156 437 253 489 publicae
267 437 345 479 Christi
358 438 567 491 praedicationisque
578 439 630 488 eius,
641 450 695 490 quae
711 442 742 478 est
752 439 832 479 utilitas
845 438 974 478 necessitas·
994 456 996 458 ·

89 513 130 553 que
140 503 273 555 audientium
284 502 321 555 qui
330 503 366 544 alii
376 506 426 544 sunt
433 503 481 543 aliis
490 503 624 555 temporibus
634 503 723 554 aliisque
733 503 794 552 locis,
806 516 871 555 qnam
881 504 973 544 nranime

88 571 258 608 consentaneum
273 573 324 618 erat,
339 572 363 610 ut
378 569 475 610 Christus
488 568 575 608 easdem
589 578 630 616 res,
646 567 763 607 sententias
777 569 871 616 easdem,
888 569 973 608 easdem

87 633 198 684 parabolas
211 634 296 686 saepius
309 637 438 686 proponeret
452 633 620 684 inculcaretqne,
632 635 702 684 Atque
712 632 734 672 id
748 643 821 673 revera
833 633 911 672 factum
926 645 972 673 esse

88 698 176 739 indubie
190 691 273 740 constat
286 711 311 739 ex
327 711 353 739 eo
367 709 454 750 quoqne
470 698 526 750 quod
540 697 596 750 apud
612 698 704 738 eundem
718 698 870 751 evangelistam
886 699 973 738 eaedem
985 715 987 717 ·

88 762 326 805 sententiae'interdnm
336 764 368 804 bis
379 764 476 816 legantur
487 764 528 804 alio
538 763 583 815 scil.
595 765 691 815 tempore
704 765 725 803 et
735 763 777 803 alia
789 764 909 821 occasione;
921 764 970 804 vide

87 841 108 869 v.
118 841 138 880 g.
151 829 223 869 Matlh.
236 831 283 879 alo
294 831 315 869 et
326 830 397 884 123&
411 830 459 876 5329
471 832 492 870 et
502 828 562 879 tas:
575 829 621 878 5,3l
635 831 656 869 et
665 830 722 878 19,3;
736 829 784 877 9,32
795 821 897 878 etim&
912 829 972 878 l2,38

89 896 110 933 et
121 895 178 945 itt-43
190 896 240 935 Luc.
252 895 301 944 aad
315 898 335 935 et
346 895 414 943 ll,33.
428 895 495 942 Quare
507 895 570 948 valde·
579 894 659 934 mirum
670 897 703 934 est
713 894 770 946 quod
782 895 807 934 ab
819 894 927 946 aliquibus
938 906 972 934 as-

89 959 167 999 seritur
178 972 224 1000 esse
235 960 281 1000 scil.
293 971 381 1012 prorsus
392 960 534 1011 improbabile
548 960 637 1000 eandem
648 959 776 1000 sententiam
788 960 820 999 bis
833 960 896 1000 variis
910 972 971 1001 occa·

89 1025 187 1065 sionibus
198 1037 244 1066 esse
254 1038 266 1065 a
275 1025 358 1066 Christo
369 1026 455 1066 dictam.

114 1090 176 1130 Hisce
190 1091 243 1131 ratio
257 1090 340 1130 accedit
350 1091 420 1143 gravis
431 1103 456 1130 ex
469 1103 494 1131 eo
507 1091 564 1143 [qnod
576 1101 699 1131 sermonem
708 1091 769 1142 plane
784 1092 876 1131 similem
888 1091 970 1143 reperi·
986 1085 988 1089 ’

88 1166 135 1195 mus
144 1156 202 1207 apud
212 1156 232 1196 S.
242 1157 319 1195 Lucam
330 1155 367 1207 qui
375 1155 440 1195 etiam
451 1167 494 1195 uno
505 1156 551 1198 loco
562 1157 583 1195 et
590 1158 686 1207 tempore
697 1167 709 1194 a
719 1156 809 1196 Domino
819 1156 970 1208 pronuntiatur

87 1220 178 1268 tao-ra.
191 1221 274 1261 Interea
284 1220 337 1260 nihil
352 1220 441 1260 interest
455 1217 510 1260 sitne
523 1220 582 1260 idern
595 1220 664 1259 sermo
677 1232 703 1259 an
716 1220 770 1260 alius
785 1221 871 1271 similis,
884 1233 934 1261 nam
948 1222 970 1267 in

87 1277 178 1336 utroque
188 1297 238 1326 casu
250 1285 334 1326 exsistit
346 1285 367 1325 id
378 1285 435 1336 quod
445 1285 587 1337 praecipuum
600 1287 632 1325 est
641 1285 746 1325 Christum
756 1296 877 1326 sermonem
885 1287 969 1338 longio-

87 1362 131 1390 rem
141 1353 162 1390 et
170 1351 231 1403 copia
240 1362 312 1392 rerum
320 1349 424 1402 insignem
432 1349 458 1390 ad
465 1351 570 1403 populum
578 1350 686 1390 habuisse.
697 1350 757 1397 Quod
764 1362 814 1391 vero
820 1350 876 1402 apud
883 1351 903 1391 S.
916 1352 969 1391 llat-

87 1416 177 1456 thaeum
188 1415 286 1467 explicite
297 1415 385 1456 docetur
395 1415 452 1467 quali
462 1415 527 1455 modo
539 1414 633 1455 Christus
644 1427 666 1455 se
675 1415 751 1455 habeat
759 1416 785 1455 ad
795 1418 889 1456 veterem
900 1416 970 1469 legem

85 1480 170 1531 etquid
186 1481 241 1520 inter
252 1492 299 1520 eam
310 1484 331 1521 et
341 1481 411 1532 legem
424 1480 501 1521 Christi
517 1480 642 1530 intercedat,
654 1481 706 1521 dnm
719 1492 744 1521 ea
757 1493 805 1532 pars
818 1481 875 1534 apud
890 1481 911 1521 S.
926 1483 968 1521 Lu-

85 1556 131 1584 cam
141 1556 186 1584 non
194 1545 280 1596 legitur,
292 1547 411 1598 opportune
422 1545 560 1597 consequitur
570 1556 595 1584 ex
603 1545 704 1596 singulari
715 1545 804 1585 consilio
816 1546 969 1598 qnoduterque
994 1580 996 1582 ,
1056 1558 1058 1562 ’

85 1610 216 1662 evangelista
227 1611 253 1649 ob
265 1610 339 1650 oculos
347 1609 433 1658 irabnit;
444 1610 561 1651 Matthaeus
573 1610 631 1650 enlm
642 1610 737 1650 scribens
747 1622 786 1661 pro
797 1611 880 1651 ludaeis
889 1622 968 1662 genere

84 1677 167 1727 partem
182 1687 228 1715 eam
243 1676 363 1715 necessario
377 1675 472 1723 retinuit,
488 1676 552 1716 Lucas
566 1687 616 1715 vero
631 1675 711 1715 librum
727 1687 790 1715 suum
805 1675 856 1715 aliis·
866 1676 966 1716 dedicans

83 1741 136 1781 haec
146 1741 219 1781 omisit
228 1740 283 1780 sicut
293 1740 334 1780 alia
345 1752 429 1792 quoque
441 1743 472 1779 sat
482 1741 549 1780 multa
558 1751 612 1791 quae
625 1741 650 1780 ad
661 1740 751 1780 ludaeos
762 1741 870 1791 pertinent
881 1741 966 1782 silentio

83 1806 232 1859 praetermisit.
401 1853 402 1857 Ἰ
609 1846 611 1856 Α
649 1804 650 1807 ’
932 1821 934 1823 ’

110 1873 175 1911 Porro
190 1884 214 1911 ex
226 1883 250 1911 eo
264 1871 321 1923 quod
336 1872 388 1911 alias
403 1871 423 1910 S.
441 1872 557 1911 Matthaeus
573 1870 643 1922 capita
658 1871 766 1911 doetrinae
782 1871 860 1911 similia
873 1871 928 1911 inter
942 1884 965 1912 se

83 1937 199 1983 contenuit,
212 1948 254 1976 non
269 1937 341 1976 statim
352 1937 450 1988 sequitur
461 1936 483 1976 id
494 1936 558 1976 etiam
570 1935 611 1974 hoc
623 1936 668 1975 loco
680 1936 704 1975 ab
720 1947 744 1975 eo
758 1935 838 1976 facturn
850 1948 902 1977 esse.
915 1938 967 1978 Nam

83 2013 154 2042 nonne
165 2002 231 2042 etiam
241 2001 335 2042 Christus
346 2002 368 2041 id
381 2001 450 2042 iacere
460 2001 544 2053 potuit?
558 2000 664 2041 Christum
677 2003 750 2041 autem
760 2001 833 2042 fecisse
846 2001 897 2042 satis
908 2006 976 2052 certo¹

84 2067 153 2107 elucet
165 2078 190 2107 ex
204 2068 254 2107 Luc,
266 2067 315 2115 aab
327 2079 371 2118 seq.
382 2068 434 2107 Cum
448 2066 513 2118 igitur
526 2067 547 2105 in
558 2077 656 2107 sermone
671 2068 771 2106 montano
785 2069 854 2107 arctus
868 2071 967 2109 cernatur

83 2143 155 2172 rerum
171 2133 227 2173 inter
240 2143 263 2172 se
278 2144 353 2180 nexus,
368 2132 468 2172 orationis
481 2143 613 2185 progressus,
629 2134 678 2183 apta
694 2131 813 2184 dispesitio,
828 2133 924 2185 epilogus
939 2135 966 2174 ad

83 2198 113 2237 rei
123 2198 247 2249 gravitatem
257 2197 312 2237 mire
322 2202 478 2238 consentaneus
489 2200 510 2238 et
520 2201 545 2237 eri
555 2196 621 2236 altera
629 2200 690 2249 parte
698 2196 750 2236 nihil
760 2198 836 2237 merito
846 2198 908 2238 obiici
916 2211 966 2250 pos-

83 2263 117 2308 sit,
129 2274 166 2301 cur
178 2274 247 2302 sermo
259 2274 302 2301 non
313 2263 419 2314 adipsum
432 2263 547 2302 Dominum
558 2261 669 2310 reseratur,
681 2255 779 2308 existimo
793 2263 907 2303 dicendum
918 2275 967 2304 esse

83 2338 205 2368 sermonem
219 2338 244 2366 eo
259 2326 323 2366 modo
337 2327 429 2366 describi
443 2338 484 2377 quo
498 2339 510 2366 a
523 2326 606 2366 Christo
619 2326 705 2366 habitus
720 2329 759 2366 est.
772 2328 823 2367 Eam
837 2329 964 2369 sententiam

82 2396 191 2444 tamquam
207 2392 283 2432 saltem
298 2392 432 2443 probabilem
447 2392 511 2432 etiam
524 2404 549 2432 ex
562 2391 715 2432 recentioribus
732 2391 784 2432 Arra
801 2391 887 2447 Sebqu,
902 2393 962 2448 Btrp.

83 2457 171 2507 Scboaz,
183 2456 224 2497 Fit.
236 2456 285 2497 Keil
292 2459 458 2510 amplectuntur.
468 2459 541 2509 Neque
548 2459 599 2509 puto
610 2457 788 2510 blatthaeunripsi
796 2458 864 2511 primo
871 2461 965 2501 sermoni

82 2523 199 2564 sententias
210 2526 230 2563 et
244 2523 371 2563 documenta
381 2523 469 2563 aliunde
480 2523 547 2575 petita
560 2523 676 2564 inseruisse
691 2524 776 2575 proprio
789 2525 964 2577 marterSingula

82 2589 141 2629 euim
151 2590 200 2639 apte
208 2588 264 2627 inter
272 2599 294 2627 se
302 2590 416 2637 nectuntur
423 2600 463 2628 nec
472 2589 532 2629 facile
544 2588 711 2640 deprehenderis
719 2589 771 2641 quid
779 2601 804 2630 ex
814 2590 851 2629 illa
861 2593 965 2631 sermonis

81 2652 224 2706 perpetuitate
237 2652 303 2704 possit
312 2653 381 2693 avelli.
394 2656 423 2693 De
433 2665 474 2693 una
483 2656 542 2706 parte
552 2657 625 2694 tamen
636 2654 725 2694 dubium
735 2654 791 2695 haud
801 2656 906 2695 immerito
917 2668 964 2696 mo-

81 2719 125 2760 veri
136 2720 213 2770 potest,
224 2718 343 2757 orationem
352 2718 399 2758 dico
410 2718 624 2768 dominicamtt,9-l5.
635 2720 687 2759 Nam
695 2720 744 2758 Luc.
755 2720 799 2767 tal
812 2732 856 2771 seq.
867 2725 963 2762 accurate

81 2785 173 2824 retertur
185 2796 226 2835 qua
239 2783 349 2823 occasione
361 2783 455 2823 Christus
469 2796 516 2824 earn
528 2784 631 2825 docuerit.
644 2786 707 2823 Estne
721 2784 830 2835 probabile
842 2785 860 2824 si
871 2785 965 2828 Christus

81 2849 123 2889 iam
134 2850 197 2888 antea
207 2843 308 2901 precandi
316 2848 429 2888 formulam
437 2849 521 2900 publice
530 2849 684 2902 proposuisset,
694 2849 791 2890 futurum
802 2850 867 2892 inisse
877 2854 899 2892 ut
907 2856 964 2904 post-

81 2926 106 2955 ea
119 2913 189 2954 denuo
204 2914 318 2954 decadem
335 2913 456 2967 precatione
471 2914 569 2966 quaestio
585 2914 658 2955 fieret?
671 2914 763 2955 Proinde
777 2917 795 2956 si
808 2917 862 2957 hanc
880 2920 963 2969 partem

81 2978 177 3018 additam
188 2977 266 3017 dixeris
277 2990 289 3018 a
299 2979 411 3029 blatthaeo,
421 2979 492 3020 nullus
505 2979 634 3032 repugnabo.
648 2982 678 3020 Ex
691 2981 746 3021 Luca
756 2982 839 3028 ona-m
853 2985 911 3033 patet
924 2983 963 3023 ali-

81 3055 123 3094 qua
133 3053 179 3083 esse
190 3042 247 3082 eoin
258 3054 356 3085 sermone
367 3058 379 3085 a
389 3047 461 3086 nostro
473 3045 602 3097 evangelista
612 3046 700 3095 omissa;
710 3046 799 3098 proinde
814 3048 855 3099 ipsi
865 3059 908 3087 non
919 3051 964 3088 arat

81 3111 144 3148 curae
155 3119 274 3149 sermonem
287 3110 371 3150 Domini
385 3111 490 3163 integrum
501 3111 579 3152 reterre
593 3111 728 3160 adverbum,
740 3112 777 3153 sed
791 3113 837 3153 eius
848 3113 963 3166 praecipua

81 3175 203 3226 argumenta
214 3175 234 3214 et
245 3173 372 3215 documenta
385 3178 488 3227 retexere,
500 3177 534 3218 cui
548 3175 636 3218 oonsilio
647 3177 742 3230 precatio
756 3176 793 3218 illa
807 3178 906 3231 adiuncta
919 3189 962 3218 non
