2239 3511
53 230 80 271 s
124 251 162 290 580
210 288 211 292 ¹
308 237 309 240 '
348 290 349 293 Ἴ
456 221 531 297 5555555
547 243 578 288 13
596 228 667 313 Ξ1-Ξ5.

124 321 211 383 bonum
230 352 305 401 semen
321 341 408 382 serate
409 340 487 398 tquis
503 342 668 399 superseminet
685 343 769 388 zizania
789 346 832 389 616
855 343 993 402 1116516566
1034 401 1036 404 Ι
1100 384 1101 388 ,

124 408 228 468 13656664)
243 408 309 453 6556
324 408 444 466 016651655
458 410 521 455 11616.
534 414 608 466 5,Ξὸ;
624 413 656 456 656
671 416 702 458 661
711 429 810 472 regnum
823 416 870 470 1165,
887 417 995 476 6556555651-
1030 406 1041 417 ”

66 517 68 520 .
124 479 217 523 niodum
231 481 250 524 si
263 481 330 525 homo
344 481 413 524 iaciat
429 483 550 526 sementem
563 485 605 527 616.
622 481 643 527 65
658 484 736 530 eodem
748 486 818 531 modo
828 501 925 545 regnum
938 502 994 533 mes-

66 561 69 563 ·
124 551 213 594 sianum
229 552 317 610 saepius
331 546 415 595 dicitur
432 553 504 597 simile
517 554 571 597 huic
587 545 624 598 vel
637 555 672 600 1115
683 557 723 613 565,
739 559 792 617 quia
805 559 831 603 in
845 558 927 602 661616
941 557 993 617 quid

124 623 256 680 contingere
269 623 323 667 66165
334 622 401 683 quale
415 623 442 667 de
455 624 565 668 eiusmodi
577 640 602 669 56
614 627 745 685 parabolice
758 629 782 673 in
794 629 896 674 medium
908 630 995 689 proler-

123 695 167 737 tur.
184 693 314 752 Aptetdicit
305 697 341 738 tur
356 695 552 760 repraesentatione,
572 687 626 741 cuni
642 700 757 745 conatus
751 700 840 744 inimici
858 700 885 744 sit
903 715 929 744 ea
945 715 994 744 665-

123 778 230 823 rumpere
250 779 308 824 66566
326 765 409 810 hene
403 769 559 826 incepttsae
550 768 636 813 stabilit
619 772 650 814 516
668 774 720 815 sunt
725 770 994 852 ‚quemadmodumut
1024 815 1040 823 ‚1

123 836 147 880 S.
164 832 244 895 01556566.
260 839 345 892 mone,
367 852 433 881 error
447 841 497 896 post
514 839 631 883 veritatem
649 841 747 901 irrepere
762 836 867 887 66165555
859 842 991 888 tfideles.er

103 909 147 973 [155
162 907 311 965 explicatione
326 872 451 967 parabolae
466 921 534 967 quam
553 909 653 955 Christus
669 911 731 956 dedit
722 915 768 958 tv
787 918 816 958 38
830 928 877 973 seq.
879 910 918 958 id
933 913 993 973 quod

123 977 206 1020 51565555
224 991 276 1021 665556
295 976 417 1022 516565556656565
410 978 534 1023 5565166666
555 994 602 1024 non
624 982 733 1039 tangitur
752 984 838 1028 15161151
829 988 905 1028 tamen
924 984 949 1027 id
968 999 994 1027 66

55 1093 56 1099 ,
78 1069 85 1073 -
122 1054 188 1092 sensu
201 1048 287 1092 dictum
301 1063 345 1093 6666
358 1053 463 1103 censent⁷
472 1053 503 1094 ut
514 1054 605 1095 notetur
619 1054 640 1096 65
653 1054 792 1114 vituperetur
804 1054 842 1099 661
855 1055 993 1112 negligentia

102 1180 103 1183 Ἰ
122 1123 144 1163 65
159 1120 249 1163 incuria
271 1122 388 1180 pastorum
406 1120 517 1167 Ecclesiae
537 1123 572 1165 vel
590 1123 679 1168 desidie
701 1126 811 1184 6556651665
834 1128 856 1170 61
877 1126 993 1171 oscitantia

121 1189 224 1234 fidelium
239 1191 274 1248 (cf.
288 1192 311 1235 S.
330 1190 408 1250 01566.
425 1191 523 1251 11665651.
536 1192 604 1237 1156516.
622 1194 684 1240 Hier.
700 1195 914 1241 Pacatianae·
929 1198 991 1241 Dion.
1023 1211 1044 1228 -·

121 1262 193 1306 865556,
214 1262 315 1315 Selene,
335 1262 397 1319 11661)
418 1262 455 1306 661
474 1263 582 1308 innuatur
601 1270 652 1325 post
675 1270 771 1312 mortem
789 1269 944 1328 apostolorum
961 1268 992 1311 ir-

121 1333 215 1391 repsisse
227 1333 331 1377 haereses
343 1337 365 1377 65
372 1333 481 1377 scandala
493 1333 525 1392 (S.
538 1335 634 1393 1565561.
647 1338 805 1398 511615665656
819 1338 888 1398 (quod
898 1340 922 1383 S.
933 1339 990 1398 51666.
1000 1344 1004 1351 ’
1030 1329 1034 1337 ’

80 1436 86 1443 .
122 1403 254 1462 6666556155
270 1403 369 1447 medium
386 1403 462 1457 611651,
481 1408 564 1462 quaest.
582 1406 607 1448 in
625 1422 706 1465 evang.
721 1401 854 1468 116111511)
871 1424 917 1453 non
934 1413 992 1453 56656

121 1473 234 1518 statuitur.
246 1476 293 1517 Iam
306 1474 363 1517 enirn
374 1477 477 1533 tempore
489 1475 652 1534 apostolorum,
667 1474 700 1516 uti
710 1488 736 1516 ex
748 1473 847 1533 epistolis
858 1474 910 1517 satis
920 1472 993 1517 6155661

103 1591 105 1594 ,
120 1545 225 1589 haereses
239 1545 369 1588 exstiterunt
386 1547 408 1588 65
421 1544 537 1601 6665551616,
551 1549 619 1604 atque
633 1546 711 1588 contra
724 1544 826 1604 priorem
839 1544 991 1603 acceptionem

120 1615 212 1659 adverte
231 1614 276 1658 dici
294 1616 421 1672 generatim
438 1615 549 1670 1656665566,
570 1630 619 1660 non
637 1606 711 1659 5561651
729 1628 803 1660 serves
821 1615 859 1659 661
876 1615 989 1669 656565166;

119 1700 186 1745 porro
205 1700 258 1730 cum
275 1686 360 1730 zizania
375 1686 516 1746 explicentur
531 1686 555 1731 656
571 1686 703 1731 catinensem
719 1686 746 1730 de
761 1686 814 1731 filiis
833 1700 943 1745 5566556555,
963 1687 991 1730 de

119 1755 183 1801 malis
194 1759 216 1800 et
228 1756 348 1816 improbis,
364 1757 404 1816 qui
417 1757 631 1817 temperantique
647 1757 715 1800 futuri
727 1757 772 1801 sint
780 1757 905 1801 intermixti
918 1757 990 1811 bonis,
1003 1768 1005 1770 ·

119 1828 219 1886 proiecto
230 1842 302 1887 aeque
314 1827 399 1871 durum
413 1843 439 1871 66
452 1829 534 1872 falsum
547 1831 603 1873 esset
618 1841 717 1871 asserere
732 1828 803 1880 5556166
817 1828 923 1871 exsistere
939 1817 992 1886 quia

119 1901 221 1957 pastores
233 1898 343 1942 Ecclesiae
360 1898 487 1953 dormiant,
501 1900 517 1943 i.
535 1913 553 1943 6.
573 1900 628 1957 quia
644 1898 782 1958 negligentes
797 1897 900 1951 debitam
915 1912 991 1942 curam

119 1971 140 2012 61
153 1968 298 2026 vigilantiam
310 1983 357 2013 non
370 1972 491 2013 exerceant
506 1972 526 2013 61
541 1969 603 2029 66651
618 1961 756 2027 consequens
770 1971 837 2023 66661,
854 1982 900 2012 non
915 1960 991 2013 6511656

118 2034 221 2083 molossi
237 2038 312 2083 debite
325 2040 454 2096 vigilarent.
472 2040 532 2091 Quod
546 2041 564 2084 si
578 2031 659 2084 verum
673 2042 735 2095 66661,
750 2054 795 2084 non
807 2039 883 2084 solum
898 2040 991 2099 apostoli

66 2124 67 2128 ¹
118 2108 225 2154 censendi
240 2113 312 2154 essent
328 2109 471 2165 dormivisse,
489 2111 544 2169 65516
557 2106 637 2155 eorum
652 2112 753 2169 tempore
767 2111 813 2153 iam
830 2109 991 2166 germinabant

118 2180 178 2224 mala
192 2181 254 2223 inter
268 2179 356 2235 11516166,
374 2195 456 2224 verum
472 2181 520 2240 ipse
538 2196 630 2241 quoque
650 2181 749 2224 Christus
764 2180 918 2238 negligentiae
938 2189 992 2225 esset

51 2306 53 2310 7
118 2250 249 2308 arguendus
261 2252 312 2309 quia
327 2266 385 2295 uuus
399 2252 473 2295 malus
488 2255 588 2311 repertus
603 2255 636 2295 est
647 2252 707 2295 inter
721 2251 841 2310 apostolos
859 2251 955 2295 Proinde
967 2252 990 2295 in

117 2322 155 2365 illo
174 2321 279 2365 membre
298 2336 348 2365 666566
358 2322 533 2381 6165656556565665
554 2322 654 2372 66611511
674 2322 846 2381 vituperationis
865 2322 991 2366 continetur

117 2393 152 2453 (cf.
170 2392 220 2437 eet.
238 2392 299 2436 16566.
313 2392 382 2437 utare.
394 2395 452 2452 Lep.
466 2394 520 2436 Aru.
532 2394 629 2453 8616666,
644 2391 726 2437 1161.-
739 2393 818 2446 Weiss,
834 2393 940 2451 licetret),
953 2392 990 2436 sed

117 2464 299 2522 tempusnoctis
318 2464 458 2519 designatur,
474 2465 508 2506 uti
533 2479 555 2507 v.
574 2478 597 2520 g.
615 2463 654 2506 lob
681 2466 743 2517 t,13;
759 2466 838 2515 33,15;
860 2461 991 2520 designatur

117 2534 236 2577 inimicum
260 2547 328 2590 agere
352 2534 422 2588 616555,
445 2533 503 2576 66116
520 2534 600 2586 161656,
628 2535 718 2591 tenipus
742 2532 860 2591 exquirere
883 2537 989 2593 opportu-
1017 2540 1019 2546 ’

116 2619 178 2659 niani,
190 2607 216 2648 ut
227 2604 303 2648 inseiis
315 2604 447 2648 hominibus
460 2603 521 2648 mala
533 2618 573 2648 sua
585 2603 692 2662 germina
703 2607 772 2663 ponat
784 2606 805 2648 et
819 2603 907 2648 occulte
920 2608 991 2649 struat

117 2676 216 2720 insidias.
334 2722 336 2726 f

146 2746 208 2790 5151516
221 2746 285 2805 qued
294 2747 317 2790 in
327 2748 448 2806 parabola,
464 2746 497 2790 uti
507 2746 596 2803 [dictum
609 2748 653 2801 est,
670 2760 705 2790 566
718 2747 816 2806 proponi
828 2746 885 2790 solet
897 2760 953 2803 quae
967 2747 990 2790 in
1054 2749 1059 2762 ⁴

113 2816 159 2861 'usn
168 2818 291 2861 1566515655
301 2820 322 2861 65
332 2816 497 2862 consuetudine
510 2818 582 2876 posita
591 2819 632 2861 est.
646 2819 694 2861 1655
705 2816 739 2861 615
749 2816 843 2876 quidem
854 2815 990 2876 quandoque

117 2888 223 2941 occurrit,
238 2888 263 2930 in
275 2890 367 2945 regione
382 2887 487 2933 orientali
501 2889 636 2947 praesertim
652 2886 690 2947 (cf.
706 2886 748 2932 ud.
766 2891 775 2931 Ι
788 2902 812 2945 p.
828 2888 884 2940 5893
901 2886 991 2947 555166

115 2959 223 3003 inimicus
239 2973 265 3002 6ο
281 2960 347 3003 modo
361 2960 413 3004 odio
428 2959 559 3013 satisfaciat,
576 2960 608 3003 ita
623 2961 702 3002 tamen
718 2955 799 3001 nullibi
813 2956 838 2999 in
855 2970 918 3005 more
933 2960 990 3017 posi-

115 3033 163 3074 tum
173 3033 217 3084 665,
229 3028 289 3073 utin
300 3043 354 3085 agro
362 3029 401 3073 diu
409 3033 524 3090 noctuque
534 3029 637 3074 custodes
646 3028 759 3082 sistantur,
771 3042 800 3073 ne
807 3027 897 3073 zizania
904 3029 988 3089 possint

115 3101 227 3147 seminari.
244 3099 318 3158 Igitur
332 3101 374 3143 hoc
389 3100 655 3158 655666566161165516516,
669 3097 732 3142 nullo
744 3098 893 3159 modc„culpa
905 3100 929 3142 in
943 3113 989 3142 ser-

115 3187 153 3218 vos
168 3170 338 3232 patrisfamilias
353 3174 385 3216 est
399 3169 531 3215 reficienda.
546 3173 588 3214 Pro
600 3167 702 3214 moribus
720 3171 797 3231 utique
813 3170 883 3216 166116
899 3169 988 3228 colligi-
