2239 3511
147 224 185 264 aaa
305 255 308 260 .,
479 229 558 258 aaran.
574 219 606 268 it,
622 221 655 259 32.

147 316 280 358 durationem
289 321 310 357 et
316 318 394 359 mentis
404 319 580 369 excaecationem;
591 322 612 374 et
619 319 670 374 Lep.
681 320 794 375 difficulter
800 331 824 361 ac
830 331 877 360 raro
887 320 1019 368 remittetur;

81 440 84 444 .
145 380 209 433 Luam
225 381 357 432 difficillime,
372 395 444 436 aegre,
459 383 493 424 vix
506 385 636 435 renrittetur;
649 386 715 426 Coim.
732 386 800 426 scelus
811 388 843 425 est
856 384 973 438 aegerrime
988 397 1020 425 ex-

88 445 91 450 '
146 446 246 497 piandum
257 447 286 501 (et
300 447 399 490 similiter
410 449 433 490 iu
443 448 591 491 dissertatione
602 450 628 491 de
638 454 726 503 peccato
738 451 760 491 in
773 451 875 505 Spiritum
886 447 990 501 sanctum)
999 453 1020 490 et

145 511 167 549 in
178 512 268 553 eundem
278 525 363 555 sensum
373 518 423 556 Ara.
434 517 456 555 et
463 514 561 556 Paimieri
569 526 678 568 nunquam
686 517 720 558 vel
728 527 775 557 raro
782 516 863 570 remitti
873 517 935 556 01]οο
943 514 1018 568 (Tract.

114 625 115 628 Ἰ
145 576 171 616 de
183 578 262 629 poenit.
274 580 353 621 Romae
362 580 413 620 1819
423 593 444 632 p.
456 580 497 633 dd).

113 728 115 731 Ι
176 668 281 711 Ceterum
289 670 440 728 utrocumque
446 669 515 714 modo
525 670 595 716 verba
603 673 728 731 acceperis,
739 665 826 716 nemini
834 672 937 714 constare
945 670 1018 727 potest

146 739 316 783 commiseritne
328 740 450 800 quisquam
459 741 503 786 hcc
515 745 634 802 peecatum
649 743 711 802 quod
722 742 751 787 ab
762 742 824 803 omni
836 742 904 786 venia
913 738 1018 784 excluda-

57 797 61 800 ’
74 805 76 808 ’
144 814 191 864 tur,
210 812 232 854 et
243 810 341 870 proinde
357 826 448 872 semper
458 813 581 872 dicendum
591 817 624 860 est
634 829 686 859 cum
696 816 721 859 S.
732 813 858 877 10900100
870 826 877 856 .·
889 830 899 852 «
915 811 943 855 de
952 809 1018 854 nullo

140 882 209 931 ¹enim
222 881 393 941 desperandum
408 887 451 939 est,
468 883 580 942 quamdiu
586 885 699 943 patientia
707 886 746 929 Dei
757 885 786 928 ad
793 883 961 947 poenitentiam
976 880 1016 924 ad-

145 951 207 995 ducit
216 966 258 996 nec
268 952 296 996 de
306 952 349 997 hac
360 953 405 997 vita
415 953 475 1012 rapit
483 955 581 1014 impium
592 957 686 1014 quinon
693 956 743 1006 vult
752 958 848 999 mortem
858 954 932 1012 impii,
943 966 1024 1012 quan—-

145 1027 197 1086 tum
208 1026 234 1067 ut
248 1027 392 1069 convertatur
408 1028 430 1070 et
439 1025 500 1070 vivat
511 1024 612 1084 alserm.
628 1031 694 1082 71,13
703 1028 728 1072 n.
745 1030 784 1081 213
799 1027 831 1071 M.
844 1024 944 1084 38‚t56).
956 1026 1016 1079 Ergo

145 1094 215 1138 etiam
227 1108 270 1153 pro
287 1094 392 1140 crinibus
405 1096 517 1141 orandum
531 1100 563 1141 est
576 1112 650 1157 neque
664 1098 771 1157 cuiquam
788 1111 838 1157 spes
853 1096 933 1140 veniae
945 1094 1016 1139 dene-

143 1164 231 1223 ganda,
247 1165 370 1212 dummodo
382 1167 438 1213 velit
450 1168 590 1227 resipiscere.
606 1165 678 1214 Immo
689 1170 733 1214 hoo
745 1169 819 1229 ipsum
829 1167 891 1227 quod
901 1167 951 1226 quis
960 1164 1016 1209 velit

143 1251 169 1281 ac
180 1237 294 1282 desideret
300 1232 464 1297 poenitentiam
473 1253 542 1298 agere
551 1242 572 1284 et
581 1240 724 1300 resipiscere,
733 1240 794 1299 quod
803 1240 916 1283 desideret
924 1237 1014 1281 veniam

133 1323 158 1352 ,0
171 1310 216 1352 Deo
227 1302 366 1368 impetrare,
385 1310 477 1368 signum
490 1314 522 1354 est
533 1311 679 1356 manifestum
692 1325 743 1356 eum
756 1311 797 1355 tali
809 1313 902 1370 peccato
914 1323 961 1353 non
974 1307 1015 1350 ob-

136 1380 235 1436 stringi.
248 1383 316 1423 Porro
330 1381 459 1425 attendatur
471 1384 560 1441 oportet
572 1374 602 1426 ne¹
612 1384 723 1437 sententia
735 1370 818 1426 Christi
830 1396 877 1425 000
889 1380 1016 1428 remittetur

143 1450 204 1494 ultra
213 1449 315 1517 debitam
324 1465 428 1496 normam
438 1452 577 1497 extendatur.
588 1456 665 1512 Neque
675 1454 737 1497 enim
746 1453 881 1511 cuicumque
890 1452 982 1510 peccato
990 1450 1015 1492 in

144 1521 256 1579 Spiritum
268 1524 373 1566 sanctum
387 1522 506 1567 commisso
516 1523 583 1567 venia
591 1527 697 1581 negatur,
707 1524 788 1567 verum
798 1522 833 1566 1111
842 1522 924 1567 solide
936 1535 981 1580 quo
991 1519 1014 1562 in

142 1594 245 1648 contexta
253 1593 384 1637 narratione
395 1606 468 1638 sermo
475 1596 515 1638 est.
525 1594 588 1638 Valet
596 1594 682 1654 quippe
690 1594 734 1638 hoc
741 1595 791 1638 1000
798 1593 862 1653 quod
869 1592 929 1637 bene
937 1594 1015 1635 monet

141 1664 166 1707 S.
180 1663 262 1708 Pescla.
279 1676 286 1707 :
299 1681 309 1705 a
323 1664 383 1709 inter
392 1678 415 1709 se
425 1664 620 1722 evangelistarum
630 1666 721 1709 collatio
731 1680 800 1724 quam
811 1680 877 1724 saepe
888 1663 1013 1724 pleniorem
1046 1708 1047 1712 ,

141 1733 216 1779 reddit
236 1734 424 1793 intelligentiam,
444 1739 469 1780 ut
491 1737 704 1796 impraesentiarum
723 1740 807 1794 Marcus
825 1736 858 1780 ait
876 1735 925 1795 qui·
936 1747 1015 1788 causas
1053 1754 1060 1775 s

140 1809 216 1851 tantae
224 1805 272 1850 irae
281 1806 421 1860 manifestius
432 1808 539 1866 expressit
549 1822 554 1853 ε
563 1807 742 1867 quiadioebant,
752 1808 837 1866 inquit,
848 1821 901 1850 eum
909 1804 1014 1865 spiritum

142 1876 289 1921 immundam
295 1876 390 1932 habere,
399 1877 460 1936 quod
467 1880 488 1921 et
493 1878 743 1937 praesenserangelista
751 1877 892 1938 (Matthaeus)
900 1891 927 1920 ex
934 1874 1014 1919 eadem

140 1947 285 2007 blasphemia
297 1948 358 1992 hanc
367 1948 446 1992 venire
460 1948 649 1994 interminationis
662 1948 858 1993 occasionemsuis
870 1948 970 1991 declarat
980 1946 1014 1989 in-

144 2019 218 2075 diciis,
230 2018 284 2077 quia
292 2018 398 2062 dicebant
407 2033 459 2063 eum
466 2019 492 2063 in
501 2019 625 2065 Beelzebub
635 2021 740 2080 principe
750 2019 923 2064 daemoniorum
933 2018 1014 2062 eiicere

140 2090 262 2135 daemonia
273 2107 293 2133 a.
304 2093 336 2135 Ex
344 2090 413 2134 variis
420 2091 445 2135 S.
457 2091 579 2149 Anqeeatim'
586 2091 653 2147 locis,
662 2089 717 2150 quos
725 2105 793 2149 supra
799 2091 883 2149 partim
892 2089 966 2143 attuli,
977 2103 1014 2132 sex

140 2161 252 2219 assignari
273 2161 346 2206 solent
360 2161 446 2220 species
459 2162 547 2220 peccati
562 2162 588 2205 in
603 2161 712 2221 Spiritum
727 2154 829 2205 sanctum
849 2175 854 2205 :
873 2159 1012 2219 desperatio,

112 2271 114 2275 .
138 2230 308 2292 praesumptio,
319 2225 464 2292 impugnatio
474 2234 574 2278 veritatis
585 2233 689 2291 agnitae,
698 2231 826 2277 invidentia
834 2233 949 2275 fraternae
959 2224 1022 2287 gra-¹

141 2305 187 2368 tiae
204 2304 243 2364 (de
258 2317 326 2349 serm.
336 2306 364 2348 1).
377 2304 401 2348 10
411 2307 487 2349 monte
502 2308 552 2359 121
569 2319 592 2357 n.
605 2308 644 2357 753
655 2306 687 2349 111.
700 2303 812 2364 3101267),
826 2301 1011 2362 impoenitentia,

139 2376 272 2430 obstinatio;
285 2375 337 2420 vide
347 2378 368 2420 S.
381 2375 459 2420 Thom.
470 2380 483 2419 2
493 2380 506 2419 2
516 2390 555 2434 qu.
567 2380 593 2420 11
605 2378 647 2419 art.
658 2380 680 2420 2.
691 2375 757 2420 Nullo
772 2377 848 2419 autem
857 2376 925 2432 paeto
937 2372 1013 2416 verbis

140 2447 223 2491 Christi
236 2448 292 2490 haee
306 2447 384 2490 omnia
397 2446 630 2505 comprehenduntur.
819 2447 821 2449 ’

174 2520 230 2561 Carni
245 2517 335 2560 dicatur
344 2531 418 2574 neqeee
428 2517 452 2559 10
468 2516 509 2559 doe
519 2516 608 2559 0000010
620 2531 693 2574 neque
707 2515 732 2559 in
738 2516 816 2574 freiero
833 2518 855 2559 et
866 2513 901 2560 vita
912 2515 1012 2575 exceptio

143 2590 264 2643 statuatur,
274 2588 369 2647 planum
378 2589 411 2632 001
419 2586 474 2631 alias
485 2587 509 2630 10
518 2587 588 2631 altero
598 2587 686 2632 saeculo
696 2587 763 2631 alicui
771 2587 899 2631 remissioni
908 2588 953 2631 sive
963 2585 1011 2630 eul-

139 2674 183 2720 pae
196 2660 243 2705 sive
254 2673 342 2719 poenae
355 2658 430 2703 locum
440 2671 497 2711 000ος
507 2657 568 2702 unde
580 2658 661 2702 merito
675 2658 751 2702 exhoc
760 2673 849 2718 quoque
861 2657 912 2701 loeo
925 2670 1012 2716 purga-

139 2732 225 2775 torium
244 2744 291 2775 csse
310 2721 418 2775 catholici
436 2729 539 2774 doctores
556 2732 664 2775 statuunt.
680 2733 712 2774 lta
724 2730 771 2774 iarn
782 2731 806 2775 S.
820 2727 961 2789 Augustanus
975 2726 1013 2785 (de

140 2803 183 2846 civ.
195 2806 220 2847 D.
235 2801 312 2861 1131)
325 2817 330 2845 z
344 2820 354 2844 u
366 2816 440 2861 neque
451 2802 513 2847 enim
523 2801 550 2845 de
559 2801 696 2861 quibusdam
707 2802 818 2846 veraciter
826 2800 941 2844 diceretur
951 2798 1013 2858 quod
1033 2804 1035 2808 ’

141 2889 188 2918 000
201 2875 233 2917 010
244 2874 372 2918 remittetur
384 2888 459 2933 neque
472 2874 497 2918 in
508 2874 552 2918 hoc
564 2873 653 2917 saeculo
665 2888 739 2932 neque
750 2873 776 2916 in
787 2872 876 2925 futuro,
887 2871 929 2915 nisi
940 2872 1014 2915 essent
1039 2908 1042 2912 .

142 2945 226 3007 quibus
238 2944 279 2988 etsi
290 2960 337 2989 000
348 2945 435 3000 irrisio,
446 2948 523 2989 tamen
534 2945 663 2989 remittetur
673 2945 698 2988 in
708 2944 786 2987 futuro
796 2959 808 2982 a
820 2943 843 2986 01
851 2941 876 2987 S.
890 2942 1013 3001 Gregorius

140 3031 240 3076 magnus
250 3015 344 3076 (dialog.
356 3016 397 3060 lib.
410 3021 423 3060 1
434 3010 484 3076 cap„
495 3021 535 3072 393
549 3018 580 3061 M.
592 3015 684 3074 traca)
697 3030 702 3057 ι
715 3031 726 3055 «
737 3012 913 3073 dequibusdam
923 3013 1012 3057 levibns

138 3090 210 3150 culpis
226 3102 273 3133 esse
290 3090 342 3130 ante
359 3085 469 3131 iudicium
486 3088 632 3147 purgatorius
647 3086 708 3142 ignis
725 3084 851 3129 credendus
870 3087 902 3130 001
921 3098 963 3144 pro
985 3098 1010 3127 00

138 3162 200 3222 quod
209 3161 291 3205 veritas
302 3157 365 3213 dicit,
378 3158 432 3218 quia
446 3158 465 3202 si
475 3159 525 3217 quis
533 3159 557 3202 in
565 3161 642 3203 sancto
653 3156 738 3216 Spiritu
749 3156 916 3218 blasphemiam
929 3155 1011 3199 dixerit
