2211 3575
424 232 498 262 nina.
515 223 533 271 5,
550 223 617 262 aeae.
694 208 696 213 ’
920 230 957 269 aaa

115 325 187 381 Atque
199 338 268 384 quam
278 324 401 369 necessaria
410 323 438 367 sit
447 323 601 368 reconciliatio
610 327 632 367 et
641 324 754 384 reparatio
762 324 860 369 iniuriae
869 325 957 384 irroga-

86 395 133 448 tae,
144 394 188 439 alio
204 410 306 440 sermone
321 394 452 454 parabolice
463 394 563 437 Christus
572 396 670 453 ,exponit
682 411 704 440 v.
715 399 743 441 25
759 405 803 440 esto
820 397 959 441 cortecah'eac

86 463 214 510 ocleerccrr'o
231 474 269 511 tao
281 465 324 509 cc'to
339 468 380 510 etc.
395 465 538 509 adversarius
548 462 581 508 est
592 465 611 508 is
621 480 690 524 quem
701 469 726 509 tu
739 466 821 512 laesisti
834 469 871 513 vel
882 469 922 528 qui
935 473 958 513 te

85 535 211 581 debitorem
227 540 345 597 tamquam
357 536 456 581 creditor
472 540 494 579 et
506 538 567 579 actor
579 535 723 580 acl-tribunal
734 539 806 596 rapit3
819 542 881 583 actor
896 542 957 585 enim

84 622 147 651 rcum
163 608 333 669 apprehendere
344 612 365 653 et
375 607 405 652 ad
414 606 513 651 iudicem
524 606 637 651 adducere
651 608 726 667 potuit
740 607 777 667 (cf.
790 612 853 653 Dect.
870 613 956 670 aldo).

85 679 107 722 Si
120 679 192 736 igitur
204 696 218 724 a
231 679 343 724 creditore
355 679 392 723 vel
405 679 433 723 ab
446 693 471 722 eo
485 678 524 738 qui
538 678 608 722 habet
620 679 703 723 iustam
711 677 824 725 'adversus
834 684 856 725 te
867 696 957 727 causam

83 751 108 793 in
117 751 152 795 ius
160 752 273 796 vocareris
283 753 305 794 et
313 749 463 795 iamcnmillo
471 751 516 794 ires
526 749 555 793 ad
566 749 676 806 iudicem,
688 751 853 797 consultissime
860 753 954 808 iaceres,

84 822 102 865 si
112 836 164 865 cum
177 823 252 866 adhuc
261 836 318 866 esses
328 836 380 865 cnm
393 821 434 865 illo
447 822 472 864 in
485 821 535 876 via,
545 820 593 879 ipse
612 836 665 865 cum
678 821 716 866 illo
727 821 859 867 convenires
876 826 898 867 et
907 839 956 881 rein

84 907 237 952 componeres.
251 883 373 952 Postquam
382 893 444 937 enim
457 907 493 937 res
508 892 578 936 semel
590 892 619 936 ad
633 892 730 937 iudicem
743 897 776 938 est
792 894 879 950 delata,
896 895 955 939 nihil

83 963 146 1008 aliud
157 968 190 1009 est
207 964 382 1025 exspectandum
397 979 467 1025 quam
483 968 511 1025 ut¹
523 978 564 1024 pro
579 964 657 1021 rigore
673 965 751 1022 legum
760 968 786 1009 tu
795 966 912 1026 puniaris,
930 969 954 1011 in

83 1049 197 1079 carcerem
210 1034 336 1089 coniiciaris
352 1050 364 1079 e
379 1050 423 1094 quo
436 1034 486 1078 'non
501 1034 578 1078 licebit
594 1035 672 1091 egredi
683 1035 728 1079 nisi
743 1034 819 1080 debito
834 1051 906 1095 usque
924 1037 954 1081 ad

83 1108 209 1151 extremum
219 1106 370 1166 quadrantem
380 1106 463 1158 solut03
479 1105 518 1149 sed
529 1119 615 1148 recum
630 1106 742 1149 creditore
752 1110 819 1150 antea
830 1108 953 1166 composita

83 1180 105 1220 et
116 1192 208 1236 sperare
217 1181 281 1236 potes
291 1176 391 1236 aliquam
401 1175 473 1220 debiti
482 1176 638 1220 remissionem
648 1179 670 1220 et
680 1179 740 1220 certo
750 1176 844 1234 effugies
855 1179 952 1222 carceris

83 1248 208 1293 molestiam
225 1252 247 1292 et
257 1247 353 1292 dedecus
373 1247 461 1307 (Iaera).
481 1249 558 1291 Censet
574 1247 598 1291 S.
615 1248 694 1307 Chrys
712 1247 740 1291 de
754 1248 869 1292 indicibus
885 1249 952 1293 huius

82 1320 165 1363 saeculi
173 1320 212 1377 agi
222 1335 248 1363 ae
259 1319 287 1363 de
295 1320 405 1378 viaquae
414 1318 443 1362 ad
455 1318 566 1362 iudicium
578 1317 646 1361 ducat
655 1320 677 1362 et
687 1318 714 1361 de
724 1332 825 1374 carcere;
838 1315 951 1364 Christum

82 1391 143 1434 enim
153 1394 273 1450 postquam
283 1405 294 1434 a
306 1390 474 1434 sublimioribus
483 1390 585 1433 hortatus
594 1388 622 1432 sit
630 1392 652 1433 et
661 1389 776 1443 afuturiS,
788 1405 801 1434 a
812 1391 872 1434 vitae
884 1406 951 1450 prae-

82 1463 149 1505 sentis
157 1465 242 1507 terrere
251 1463 355 1519 negotiis.
366 1464 424 1506 Haec
433 1461 491 1505 hene
500 1460 618 1514 dicuntur,
628 1462 646 1505 si
656 1463 733 1505 tamen
742 1461 774 1504 ita
781 1461 948 1520 intelliguntur,
957 1479 958 1482 ¹

84 1536 107 1576 ut
121 1534 220 1578 Christus
238 1549 264 1578 ex
277 1525 379 1593 exemplo
393 1533 452 1576 vitae
469 1533 608 1576 occasionem
621 1532 695 1592 capiat
710 1532 835 1577 doctrinam
848 1533 951 1589 altiorem

82 1604 264 1649 conrmendandi.
276 1607 353 1649 Sermo
366 1605 443 1663 itaque
460 1607 493 1647 est
505 1603 655 1663 parabolicus.
673 1607 791 1647 lloncmur
803 1606 828 1647 ut
841 1605 883 1648 cito
897 1620 950 1649 cum

82 1676 210 1720 adversario
224 1690 291 1738 [pacm
305 1675 439 1720 offendimus
448 1674 472 1717 in
485 1675 582 1732 gratiam
594 1675 669 1718 redire
678 1674 818 1729 studeamus,
832 1675 887 1719 dum
900 1677 947 1720 scil.

45 1763 47 1767 ’
82 1747 157 1791 adhuc
169 1749 194 1791 in
211 1748 258 1802 via,
277 1747 302 1790 id
323 1750 365 1801 est,
378 1746 403 1789 in
416 1747 459 1789 hac
477 1747 523 1789 vita
539 1745 629 1789 mortali
644 1759 769 1789 versamur.
790 1749 950 1791 postmortem

62 1805 63 1809 Ἰ
82 1820 143 1863 enim
155 1818 226 1862 iudici
240 1822 283 1862 Deo
300 1818 399 1862 sistimur
416 1816 455 1875 qui
471 1832 513 1876 pro
530 1816 605 1874 rigore
623 1807 726 1860 iustitiae
739 1830 837 1875 poariam
854 1817 951 1862 iniuriae

82 1904 151 1950 quam
163 1890 342 1947 irrogaverimus
353 1904 366 1933 a
377 1888 443 1932 nobis
454 1889 528 1945 exiget
541 1890 563 1931 et
572 1902 613 1931 nos
624 1887 698 1931 tradet
711 1887 814 1931 ministro
823 1889 862 1947 qui
872 1891 951 1948 poenis
966 1892 968 1896 ’

83 1961 211 2018 infligendis
226 1961 254 2005 sit
268 1960 409 2020 praepositus
426 1962 447 2003 et
466 1960 505 2019 qui
521 1974 561 2003 nos
571 1959 595 2002 in
612 1972 725 2003 carcerem
743 1959 847 2003 coniiciet
863 1975 890 2003 ex
905 1976 950 2019 quo
982 2018 984 2021 .

77 2045 148 2077 'nenio
157 2032 304 2086 liberabitur,
321 2032 392 2075 donec
408 2030 535 2074 reddiderit
551 2030 699 2073 novissimum
715 2028 877 2088 quadrantem,
895 2046 950 2089 ergo

82 2105 154 2148 donec
170 2118 235 2148 omne
246 2102 349 2147 debitum
365 2097 502 2147 exactissime
517 2101 615 2145 solverit.
626 2104 663 2145 Est
674 2091 884 2160 qaadreasquarta
898 2118 950 2161 pars
1002 2136 1004 2146 ,

82 2176 145 2228 assis3
159 2189 265 2219 nummus
278 2177 312 2218 sat
323 2189 420 2234 parrus;
434 2173 462 2216 cl.
475 2177 539 2217 Marc.
553 2172 876 2236 12,l2driomiritita‚leard,
890 2174 951 2231 quod

81 2251 113 2291 est
124 2247 243 2306 quadrans.
254 2249 302 2289 lam
311 2260 355 2303 quo
364 2258 429 2288 sensu
439 2243 523 2287 dicitur
534 2259 553 2287 v,
564 2247 592 2286 26
602 2258 648 2286 reon
659 2243 717 2286 ceres
727 2242 779 2285 circle
790 2243 859 2287 cleirac
869 2244 950 2288 reddes

81 2317 224 2362 centesimam
235 2315 402 2376 quadrantem?
414 2314 525 2358 sententia
537 2313 636 2372 profecto
646 2313 703 2356 haec
721 2315 768 2356 est:
786 2329 898 2358 coarcere
910 2315 950 2359 illo

81 2390 153 2434 solum
166 2387 310 2441 liberaberis,
328 2388 347 2431 si
361 2387 452 2444 integra
468 2400 557 2429 summa
567 2399 636 2444 quam
651 2384 778 2428 adversario
793 2384 862 2429 debes
878 2386 951 2430 soluta

82 2466 121 2506 est.
131 2464 209 2520 ltaque
218 2461 235 2504 si
245 2455 331 2504 solvere
343 2461 428 2519 potest,
440 2457 587 2511 liberabitur3
598 2456 616 2500 si
627 2457 713 2500 solvere
722 2470 768 2499 non
777 2459 861 2516 potest,
872 2472 951 2501 mane-

81 2534 114 2577 bit
122 2533 227 2576 inclusus.
240 2531 341 2582 Quaestio
352 2530 423 2588 igitur
433 2529 507 2573 solum
519 2531 551 2573 est
563 2542 568 2572 :
579 2528 659 2572 fierine
670 2530 743 2587 potest
756 2530 781 2571 ut
790 2528 890 2573 inclusus
900 2544 951 2572 car-

81 2619 131 2649 cere
143 2603 244 2646 debitum
262 2601 347 2645 solvat?
364 2604 390 2645 ln
405 2600 508 2660 exemplo
524 2600 625 2643 humano
642 2598 667 2643 id
686 2598 783 2655 eogitari
799 2602 885 2658 potest3
898 2615 952 2644 nam

81 2676 119 2719 ille
132 2674 220 2718 debitor
238 2674 340 2732 quamvis
355 2672 441 2731 inipso
458 2686 547 2716 carcere
565 2669 622 2714 nihil
642 2672 682 2714 aut
699 2670 746 2712 fere
767 2670 825 2713 nihil
840 2671 951 2728 pecuniae

81 2747 148 2806 possit
158 2745 251 2799 lucrari,
262 2747 338 2788 tamen
347 2757 390 2803 per
399 2743 483 2786 amicos
493 2742 581 2786 efficere
591 2743 675 2800 potest,
688 2742 713 2783 ut
724 2739 803 2784 domus
811 2743 833 2783 et
840 2740 902 2784 bona
912 2755 952 2785 sua

63 2808 65 2814 ’
82 2818 217 2873 vendantur,
230 2819 256 2860 ut
264 2815 333 2860 amici
344 2817 455 2876 rogentur
468 2813 496 2857 ad
510 2812 632 2871 pecuniam
642 2825 700 2869 qliae
712 2810 805 2869 insuper
821 2812 953 2871 requiratur

80 2889 224 2949 pendendam
238 2891 279 2931 etc.
295 2887 386 2931 Locutio
405 2885 446 2928 illa
462 2883 489 2927 de
503 2898 525 2928 se
539 2885 571 2926 est
589 2882 710 2939 ambigam
726 2880 782 2940 quid
793 2897 872 2927 revera
884 2898 952 2927 even-

80 2965 156 3005 turum
169 2960 209 3012 sit,
227 2974 252 3002 ex
269 2960 317 3017 ipso
334 2958 422 3013 debito,
438 2971 464 2999 ex
477 2952 636 3012 magnitudine
650 2967 751 2997 summae
771 2954 892 2998 solvendae
911 2955 953 2998 crit

80 3030 241 3088 colligendum.
264 3032 335 3079 (lirare
353 3044 398 3073 non
419 3027 508 3071 videtur
527 3024 614 3070 excludi
627 3025 720 3068 illorum
736 3024 895 3084 interpretatio
915 3027 952 3084 qui

82 3103 161 3147 dicunt
172 3103 221 3161 ipsa
228 3101 272 3144 hac
281 3100 394 3144 locutione
409 3099 510 3158 aliquam
521 3111 583 3157 spem
594 3096 703 3155 relinqui3
714 3096 732 3139 si
743 3096 790 3140 scil.
803 3097 871 3155 culpa
881 3095 952 3140 solum
965 3108 967 3112 ·

82 3178 114 3217 est
128 3173 231 3227 venialis,
249 3174 322 3230 potest
339 3171 432 3215 ultimus
450 3170 564 3229 quadrans
581 3169 647 3222 solri3
664 3169 682 3211 si
699 3170 774 3220 autem
790 3172 822 3211 est
838 3168 951 3220 mortalis,
