2239 3511
124 213 163 253 508
469 221 545 250 11111.
562 212 594 259 11,
609 213 643 251 21.

122 310 214 354 illi-non
230 309 269 352 diu
286 308 424 365 tardassent,
438 309 478 355 sed
492 310 545 355 visis
563 310 679 356 miraculis
695 312 771 356 statim
786 315 887 374 mentem
904 312 996 367 amalis
1032 345 1033 349 ,
1103 298 1104 303 ¹

122 380 306 440 concupiscentiis
315 380 474 427 abstraxissent
482 383 504 425 61
512 381 613 427 dolorem
621 397 647 427 ac
656 382 830 428 detestationem
838 375 993 444 peccatorum,

121 466 198 497 veram
212 451 284 509 igitur
298 452 473 512 poenitentiam,
485 453 632 498 ostendissent
648 453 672 498 111
685 454 772 513 61116162
787 455 868 499 habitu
881 469 963 515 aspero
973 459 996 499 et

115 523 224 582 lugubri,
238 526 261 568 61
279 523 304 568 16
322 523 406 579 eiecere7
421 524 486 569 humi
498 524 601 569 sedentes
612 527 634 569 et
646 528 715 585 caput
730 527 807 570 cinere
819 528 995 586 conspergentes

122 596 158 654 (61.
169 598 210 640 161.
224 598 285 649 1116.
295 589 410 654 16131).
421 595 497 640 Talem
506 595 671 656 poenitentiam
683 596 755 641 ullam
765 596 902 645 ludaeorum
912 597 994 642 urbem

100 667 149 713 'ad
161 667 243 712 Christi
252 666 446 729 praedicationem
455 670 477 712 61
490 667 602 713 miracula
612 667 706 727 subiisse
715 682 819 728 unquam
829 684 878 713 non
887 669 992 727 legimus.
1053 709 1054 712 ,
1103 671 1104 674 ’

120 743 191 792 Quare
208 739 252 783 hoc
267 737 350 782 Christi
367 738 463 784 61161661
479 754 546 799 quam
564 740 662 785 maxime
678 740 739 785 valet
752 740 781 785 ad
791 737 947 785 confusionem
957 735 1010 802 ln-W'

119 811 238 864 dacorum,
256 810 296 870 qui
313 809 412 869 reliquos
429 810 524 869 populos
539 813 657 870 tamqnam
673 814 813 871 peccatores,
832 826 920 868 caecos,
938 810 994 855 insi-

61 905 65 909 -
118 871 348 942 11611611161166616,
361 894 385 924 16
399 883 424 924 11
435 881 504 928 'duces
518 884 541 926 61
554 882 679 927 eruditores
694 886 717 927 et
733 898 747 927 a
760 887 804 928 Deo
816 883 897 928 6166161
909 884 994 927 iactare
1008 933 1009 937 Ἰ

118 951 222 997 solebant
235 950 310 1010 (Rom.
327 954 381 1007 218
394 951 462 1012 seq).
482 955 541 996 Bene
553 951 786 1012 notat-Bellurmz'nus
801 953 839 1012 (de
853 954 995 1012 poenitentia
1066 999 1068 1005 s

118 1023 159 1068 lib.
173 1027 184 1067 1
199 1037 249 1082 cap.
268 1023 636 1082 7166111666116116161611111
653 1024 701 1068 sola
717 1024 874 1083 resipiscentia
888 1024 994 1069 constitui

118 1094 208 1149 volunt,
220 1093 338 1153 quidvere
350 1094 379 1138 sit
393 1108 435 1138 usu
454 1094 584 1154 scripturae
597 1095 702 1154 μετανοεῖν
715 1109 757 1140 661
774 1095 817 1139 hoc
834 1107 926 1155 quoque
943 1096 993 1153 1666
1013 1089 1015 1095 1

50 1177 53 1183 ’
119 1168 197 1225 aperte
202 1165 279 1210 doceri
290 1180 295 1210 z
308 1184 318 1206 1
327 1164 383 1224 quid
391 1165 452 1209 enim
462 1165 495 1209 est
504 1166 529 1210 in
537 1165 613 1210 cilicio
622 1168 645 1210 et
654 1166 731 1211 cinere
739 1165 839 1211 sedendo
848 1167 994 1227 resipiscere?

119 1240 178 1281 66116
197 1236 352 1296 resipiscentia
365 1236 384 1280 si
396 1237 488 1296 proprie
500 1236 626 1297 accipiatur
642 1251 736 1284 saccum
748 1241 771 1282 et
788 1231 890 1282 cinerem
899 1252 992 1298 praece·
1025 1283 1027 1289 ,

100 1299 102 1304 ’
120 1308 166 1362 dit;
183 1322 250 1356 nemo
264 1308 326 1352 enim
342 1322 433 1352 saccum
446 1307 522 1351 induit
536 1311 559 1353 et
573 1308 599 1353 in
616 1309 691 1353 611616
707 1308 780 1363 sedet⁷
797 1308 842 1353 nisi
855 1311 922 1353 antea
937 1309 993 1352 resi-

119 1379 203 1439 puerit.
221 1379 328 1423 Dominus
346 1381 422 1423 autem
436 1379 550 1423 actionem
564 1379 684 1439 poenalem
696 1380 811 1438 significat
825 1371 884 1439 quae
900 1383 949 1424 tum
959 1394 993 1424 as-

119 1450 216 1495 sumitur
232 1453 254 1493 et
268 1452 390 1504 exercetur,
408 1449 463 1494 dnm
473 1440 527 1510 quis
539 1453 638 1494 moestus
649 1453 671 1494 et
680 1450 759 1495 dolens
774 1439 799 1494 in
809 1464 872 1495 sacco
882 1454 904 1494 61
917 1451 992 1495 611616

119 1522 188 1567 sedet.
207 1524 284 1580 ltaque
297 1518 421 1578 μετενόησαν
433 1535 459 1564 66
477 1520 526 1565 1666
544 1520 604 1564 nibil
618 1520 683 1565 aliud
701 1520 831 1578 significare
846 1524 928 1580 potest,
948 1521 993 1565 nisi

119 1593 187 1639 corde
200 1592 268 1638 simul
276 1594 305 1636 Ι61
318 1594 415 1652 corpore
428 1593 529 1637 aversari
541 1594 636 1651 peccata
649 1586 772 1651 praeterita
788 1594 810 1637 61
822 1591 948 1636 vindictam
964 1591 992 1637 de
1005 1587 1007 1591 ’

118 1665 163 1710 illis
176 1680 189 1709 6
202 1666 273 1708 semet
281 1665 384 1722 repetere
395 1681 415 1708 a.
429 1663 537 1723 Idemque
549 1663 610 1708 1661,
622 1667 701 1708 monet
715 1678 795 1709 vocem
807 1662 941 1709 nondicere
950 1678 992 1707 nu-

119 1737 172 1781 dam
182 1735 372 1794 resipiscentiam,
380 1733 420 1779 sed
429 1735 498 1778 etiam
507 1734 543 1780 sui
552 1735 623 1793 ipsius
633 1734 780 1779 afflictionem
790 1736 812 1779 et
820 1734 991 1791 castigationem

119 1807 202 1853 carnis.
221 1808 248 1850 Ut
261 1809 338 1850 autem
350 1806 461 1850 sententia
473 1806 517 1850 hac
527 1805 556 1850 de
569 1806 689 1864 Tyriorum
699 1806 842 1865 poenitentia
852 1805 929 1850 ludaei
939 1819 991 1849 vere

119 1878 327 1938 perstringerentnr
344 1890 433 1921 necesse
448 1878 496 1920 erat
512 1879 537 1920 61
554 1876 654 1920 Christus
669 1877 803 1935 loqueretur
819 1878 881 1921 certa
898 1876 992 1921 scientia

118 1950 146 1994 de
154 1964 179 1994 re
187 1963 246 2009 quae
255 1948 332 1992 futura
342 1947 420 1990 fuisset
430 1946 472 1990 illa
479 1948 553 2005 posita
562 1946 701 1992 conditione
712 1949 769 1991 Nam
779 1947 798 1991 si
808 1947 907 1991 Christus
917 1947 990 1991 solnm

118 2037 144 2066 ex
157 2021 288 2064 coniectura
306 2017 341 2061 vel
354 2017 460 2077 opinione
477 2017 593 2076 probabili
610 2018 750 2077 loqueretur,
766 2018 872 2062 inefficax
884 2020 941 2077 esset
955 2032 990 2062 re-

116 2091 237 2152 prehensio
253 2103 340 2133 eorum.
358 2089 417 2132 Mitto
434 2088 504 2133 talem
517 2088 626 2148 loquendi
643 2089 738 2133 modum
755 2104 785 2134 ue
802 2088 882 2134 decere
897 2087 990 2148 quidem

117 2163 239 2215 Christum
255 2174 310 2206 nam
325 2174 384 2218 quae
398 2160 480 2203 scimus
492 2159 610 2219 loquimur
625 2160 694 2219 (1666.
712 2159 784 2219 1111).
800 2158 901 2204 Ostendit
912 2159 1004 2219 itaque·

116 2250 139 2279 se
148 2234 204 2279 scire
216 2231 273 2292 quid
286 2231 389 2275 futurum
402 2229 479 2275 inisset
495 2231 513 2274 si
526 2229 627 2275 conditio
637 2233 694 2283 esset
705 2230 809 2290 impleta.
824 2230 900 2293 Talem
914 2233 989 2275 autem

114 2306 232 2350 scientiam
252 2302 352 2359 theologi
367 2302 484 2360 appellant
496 2301 614 2346 scientiam
632 2301 740 2346 mediam.
759 2305 836 2361 Neque
850 2301 910 2346 valet
928 2300 989 2360 qnod

114 2377 204 2422 Sedena
221 2374 299 2419 obiicit
318 2388 344 2417 ex
361 2373 491 2417 animorum
506 2372 650 2432 dispositione
666 2372 759 2416 illorum
769 2372 876 2417 exstitisse
887 2372 989 2431 aliquam

114 2448 226 2492 rationem
243 2460 284 2489 cur
303 2444 409 2488 Christus
423 2443 569 2487 concluderet
585 2442 641 2502 quid
657 2443 769 2487 futurum·
781 2445 838 2487 esset
856 2445 879 2486 et
891 2441 989 2502 proinde

109 2521 187 2562 totum
205 2514 313 2574 explicari
329 2514 376 2558 sine
393 2513 487 2558 scientia
504 2513 588 2559 media.
601 2515 663 2559 'Nam
681 2512 734 2558 talis
753 2512 873 2558 conclusio:
886 2527 933 2558 non
956 2517 989 2557 est

113 2588 205 2633 omnino
219 2589 293 2639 certa,
311 2587 401 2630 nonest
418 2583 557 2640 infallibilis,
572 2584 626 2644 qnia
638 2584 739 2630 liberum
751 2584 851 2630 hominis
866 2572 988 2629 arbitrium

110 2659 231 2704 intercedit
245 2672 289 2716 quo
305 2671 413 2716 persaepe
429 2657 455 2700 fit
469 2658 494 2700 ut
510 2656 579 2702 homo
591 2670 639 2702 non
653 2655 679 2701 id
692 2655 762 2714 eligat
774 2659 795 2701 61
807 2656 878 2701 166161
888 2649 950 2714 qnod
962 2669 987 2698 ex

112 2731 183 2776 animi
192 2730 241 2774 eius
254 2727 335 2774 habitu
342 2731 462 2787 perspecto
473 2729 651 2787 exspectaveras.
667 2728 766 2773 scientia
783 2729 860 2773 autem
870 2740 929 2785 qnae
941 2739 987 2769 non

110 2802 140 2846 sit
148 2801 191 2845 nisi
200 2800 330 2845 coniectura
338 2798 405 2843 valde
417 2798 545 2858 probabilis
556 2798 611 2843 Filio
623 2798 663 2843 Dei
673 2800 706 2844 est
716 2798 821 2856 indigna.

104 2980 105 2983 ¹
137 2960 197 3002 Solet
209 2960 307 2999 hocloco
320 2970 382 3012 saepe
398 2959 479 3011 quaeri,
495 2971 534 3001 cur
546 2958 640 3001 Christus
654 2959 672 3000 si
688 2957 842 3010 poenitentiam
857 2960 880 2999 et
896 2958 986 2999 salutem

111 3027 223 3080 Tyriorum
232 3024 344 3077 praescivit
355 3037 397 3065 non
409 3025 439 3065 ibi
449 3025 599 3077 praedicaverit
609 3027 630 3065 61
639 3023 742 3064 miracula
756 3023 853 3065 ediderit,
864 3023 987 3077 Respondet

108 3093 132 3135 S,
143 3091 201 3133 Hier,
215 3105 222 3132 ,·
235 3105 244 3127 c
253 3090 279 3130 ad
291 3089 347 3141 qnod
355 3089 421 3147 1661111
432 3093 453 3130 61
460 3093 533 3143 aperta
542 3089 652 3142 responsio
664 3090 696 3129 est
706 3089 803 3141 ignorare
812 3102 852 3130 nos
862 3089 940 3131 iudicia
948 3089 986 3129 Dei

111 3160 132 3200 61
140 3158 272 3210 singularum
280 3155 463 3207 dispensationum
472 3155 516 3195 eius
526 3155 657 3195 sacramenta
666 3155 758 3206 nesctre3
770 3155 906 3210 propositum
917 3154 986 3195 fuerat
