2239 3511
144 170 182 211 17ss
255 221 257 230 ,
512 183 588 212 rrarru.
605 174 624 219 3,
641 174 659 212 6,

96 284 97 287 ¹
139 269 292 312 lustrationem
310 272 342 310 vel
360 270 463 311 lotionem
483 271 509 310 iis
525 282 571 311 esse
593 270 711 311 adhibitam
735 272 772 323 qui
791 275 898 323 tamquam
918 267 1020 325 proselyti

141 330 225 377 ludaeis
236 347 352 390 eorumque
366 336 433 376 cultui
448 347 470 376 se
484 336 599 391 adiungere
613 336 720 387 optabam,
732 336 776 376 iam
788 348 813 385 en
828 348 852 376 eo
863 337 923 377 facile
936 339 1020 383 conclu·

141 401 193 441 seris
206 401 257 452 qula
269 400 375 453 pharisaei
392 401 483 442 lotiones
496 402 629 453 usurpabant
643 402 726 453 quoties
742 401 813 441 a'foro
828 402 916 442 domum
931 403 1021 444 reverte·

139 466 215 507 bantur
228 467 297 520 (blare,
308 465 349 519 M)
360 468 384 507 et
391 467 442 518 quia
453 467 509 519 apud
520 478 556 507 eos
572 467 640 509 omnis
652 467 772 519 alienigena
783 467 907 508 immundus
919 469 1020 508 censeba-

138 533 180 571 tur.
193 533 260 583 Atque
274 532 321 572 talis
335 531 387 579 lotio
401 532 428 572 iis
441 533 493 573 locis
507 532 630 572 misclmicis
646 532 734 585 aliisque
747 533 851 585 probatur
864 536 916 585 quos
931 532 1033 600 Scla'ircr¹

139 597 152 635 l
162 610 179 637 c.
192 610 212 649 p.
222 599 260 638 569
268 609 313 649 seq.
322 598 410 650 profert.
420 598 461 638 Sed
469 598 600 650 quaestionis
610 598 672 638 cardo
682 610 724 639 non
734 598 819 639 videtur
829 598 883 639 verti
896 598 919 638 in
929 598 1017 647 lotione,
1032 616 1034 632 ι

139 674 215 702 verum
229 663 288 703 sitne
297 663 349 703 lotio
359 663 396 703 illa
407 662 528 705 existimata
538 664 599 716 quasi
613 664 723 705 translatio
733 664 756 703 in
768 675 848 704 novum
859 666 944 715 statum,
957 664 986 704 ita
996 667 1020 704 ut

138 719 222 768 riillius
233 728 334 780 baptismi
347 730 467 782 proselytus
481 733 592 781 tamquam
606 741 659 770 nova
669 728 764 771 creatura
775 726 844 783 (abab
858 729 931 782 aaliz)
947 729 1018 769 consi-

140 793 234 834 deretur.
244 794 343 835 Ceterum
353 805 392 846 pro
401 794 507 847 baptismo
518 795 604 835 loannis
616 795 672 835 haud
684 796 777 835 mullum
790 795 885 844 interest,
894 797 965 835 utram
975 794 1019 846 opi·

66 872 69 887 1
139 859 226 898 nionem
237 851 342 910 sequaris
351 870 400 899 oum
411 860 468 900 illius
477 859 580 911 baptismi
589 860 643 899 ratio
653 860 803 911 singularis-ex
811 861 905 912 quinque
914 860 956 900 illis
963 871 1018 911 quae

65 912 67 918 ’
139 924 262 978 enumeravi
274 924 324 963 satis
335 924 413 975 pateat.

167 1078 252 1123 Dicitur
267 1078 351 1137 itaque
361 1078 491 1138 baptismus
505 1079 660 1139 poenitentiae
674 1080 729 1139 quia
743 1079 811 1124 datur
824 1082 847 1124 et
860 1079 980 1138 suscipitur
993 1079 1018 1123 in

136 1149 295 1199 testimonium
306 1152 328 1193 et
343 1149 508 1208 protessicnem
523 1149 678 1209 poenitentiae
690 1155 712 1195 et
729 1169 739 1192 «
756 1150 863 1210 quoniam
879 1150 907 1194 ab
921 1150 949 1195 iis
960 1165 1018 1210 quos

137 1221 248 1265 abluebat
261 1219 435 1280 poenitentiam,
445 1222 461 1265 i.
477 1236 496 1265 e.
509 1225 654 1280 peecatorum
665 1222 845 1276 detestationem,
858 1222 1017 1266 contritionem
1092 1247 1093 1250 =

137 1293 245 1351 vitaeque
259 1291 425 1354 correctionem
437 1293 570 1352 fructusque
581 1292 662 1350 dignos
675 1292 814 1353 poenitentia
827 1293 926 1352 baptist-a
941 1293 1016 1350 exige-

137 1363 178 1407 bat
193 1381 203 1404 »
216 1362 299 1423 (Bam).
314 1365 371 1406 Eum
383 1366 459 1407 autem
471 1363 628 1423 suscipiebant
637 1364 767 1423 confitenter
773 1372 869 1424 peccata
883 1378 932 1419 aare,
945 1367 1017 1421 ἐξομο-

136 1431 263 1492 λογούμενοι,
283 1449 329 1492 quo
347 1434 417 1477 verbo
435 1434 560 1493 composito
576 1434 712 1491 significatio
729 1435 802 1492 magis
819 1435 911 1479 effertur
927 1436 1016 1479 confes-

136 1504 206 1549 sionis
222 1507 315 1564 apertae
335 1508 357 1548 et
373 1519 398 1548 ex
414 1506 492 1550 animo
508 1505 589 1549 factae.
608 1508 662 1549 Gum
679 1520 754 1550 sermo
770 1506 798 1549 sit
814 1506 842 1549 de
862 1505 959 1562 singulis
976 1505 1016 1564 qui

134 1575 312 1638 baptizabantur
328 1577 351 1619 ct
365 1576 534 1621 confitebantur
546 1584 644 1636 peccata
660 1591 708 1633 aaa,
726 1591 803 1621 sensus
817 1592 865 1621 non
879 1579 952 1636 potest
969 1591 1015 1621 esse

136 1647 199 1705 quod
215 1661 238 1692 se
253 1647 328 1691 solum
340 1636 396 1692 fassi
412 1647 458 1692 sint
473 1651 604 1707 peccatores
623 1647 702 1708 (Coi),
719 1648 743 1692 id
757 1648 819 1707 quod
834 1647 863 1691 de
880 1662 902 1692 se
916 1648 1013 1707 quisque

134 1718 240 1777 profiteri
249 1721 325 1778 potest
334 1720 356 1762 et
367 1717 444 1772 debet,
456 1733 535 1763 verum
545 1719 608 1777 quod
618 1719 694 1777 aliqua
704 1720 783 1763 saltem
794 1721 888 1778 peccata
897 1733 910 1762 a
919 1732 942 1763 se
953 1734 1014 1763 oom-

135 1790 204 1834 missa
214 1788 320 1834 distincte
336 1788 380 1833 sint
392 1789 497 1844 confessi,
513 1792 581 1848 prout
595 1791 618 1834 S,
636 1789 736 1847 Gprr'llas
750 1787 967 1847 hierosolymitanus
980 1790 1014 1834 di-

85 1898 89 1902 .
134 1861 165 1904 eit
178 1873 204 1905 t«
216 1860 479 1916 ostendebantrulnera,
492 1860 544 1904 dein
554 1861 592 1904 ille
600 1861 710 1920 (loannes)
718 1861 819 1920 ponebat
826 1861 1011 1922 medicamenta»

134 1932 235 1991 (Gatech.
253 1936 302 1986 3‚r;
318 1933 349 1975 11.
370 1932 470 1991 33137).
488 1932 594 1975 Confiteri
609 1931 670 1976 enim
685 1934 786 1991 peccata
804 1934 829 1976 ut
843 1933 896 1976 Ber.
911 1931 949 1986 ait,
962 1932 1014 1991 plus

133 2002 189 2047 dieii
205 2017 275 2062 quam
290 2002 419 2060 generatim
434 2017 457 2047 se
471 2005 614 2062 peecatorem
630 2003 743 2062 profiteri,
761 2006 783 2047 et
799 2003 857 2048 illud
873 2003 1013 2060 evangelista

132 2078 211 2119 narrat
233 2079 353 2133 tamquam
375 2088 424 2117 rem
444 2088 529 2118 novam
548 2078 577 2118 et·
592 2073 733 2131 singularem
751 2073 831 2134 (ruald.
849 2074 912 2132 spa.
938 2074 981 2119 Col
1005 2109 1010 2118 .

132 2144 240 2202 Scaena).
252 2147 277 2188 Et
287 2144 341 2203 quia
350 2144 368 2187 i<
383 2144 410 2188 de
419 2144 446 2189 iis
454 2146 493 2204 qui
503 2144 658 2203 baptizantur,
668 2146 746 2205 itaque
754 2145 782 2188 de
790 2144 896 2202 singulis,
905 2146 1010 2200 refertur,

132 2217 189 2261 haec
196 2215 306 2260 confessio
315 2230 360 2259 non
369 2229 415 2259 esse
422 2219 497 2275 potest
504 2215 555 2260 talis
564 2215 638 2275 qualis
645 2219 696 2261 Lev.
708 2220 774 2270 1631
784 2216 931 2275 praecipitur,
943 2217 1012 2275 quam

132 2287 181 2332 scil.
188 2276 290 2346 pontiieu
297 2286 466 2331 nominetotius
475 2287 555 2346 populi
563 2286 617 2331 facit
624 2301 628 2341 ς
636 2289 703 2331 Num.
716 2291 753 2342 5,7
760 2287 834 2332 solum
843 2286 1012 2347 agiturdepec-

132 2362 182 2403 cato
193 2361 273 2403 contra
282 2358 448 2417 proprietatem
458 2358 578 2402 commisso
589 2357 652 2416 quod
662 2358 691 2402 ad
701 2357 868 2402 restitutionem
882 2357 1011 2402 faciendam

131 2444 223 2474 necesse
233 2432 282 2472 erat
292 2429 370 2482 fateri3
381 2432 433 2472 Lar.
443 2432 480 2483 5‚5
490 2429 556 2472 lrebr.
568 2417 735 2487 praescribitur
743 2428 857 2487 quaedam
868 2427 976 2477 confessio
986 2429 1011 2473 in
1022 2483 1024 2487 ι

132 2500 243 2544 sacrificio
256 2499 283 2542 de
297 2501 391 2558 peceato
401 2499 517 2554 facienda3
529 2502 631 2543 ceterum
644 2499 694 2543 aliis
704 2499 729 2543 in
740 2499 796 2544 locis
810 2498 851 2558 (Ps.
868 2503 932 2556 31,5;
948 2504 1008 2555 502.

64 2592 66 2596 ’
130 2574 181 2616 Bar.
194 2575 232 2625 2‚8
242 2584 289 2629 seq.
304 2573 360 2615 Dan.
374 2573 420 2623 9,1,
431 2570 498 2615 Esdr.
511 2569 557 2630 9›ss)
570 2570 643 2614 solum
653 2570 752 2614 habetur
764 2571 799 2615 vel
811 2570 923 2615 accusatio
934 2586 1010 2616 coram

130 2646 174 2687 Deo
185 2642 222 2686 vel
232 2641 343 2687 confessio
354 2641 447 2686 nomine
456 2642 538 2702 populi
548 2656 621 2701 eaque
630 2642 759 2699 generatim
769 2642 838 2687 iacta.
851 2641 920 2692 Quale
930 2642 1009 2686 discri-

131 2728 184 2758 men
199 2713 326 2757 intercedat
341 2713 401 2756 inter
419 2713 560 2772 baptismum
580 2712 678 2757 loannis
691 2716 713 2758 et
732 2713 873 2772 baptismum
890 2727 903 2756 a
920 2712 1007 2757 Christo
1040 2745 1042 2748 ψ

129 2784 267 2838 institutum,
277 2784 326 2842 ipse
335 2788 430 2829 loannes
441 2784 543 2829 declarat
552 2799 573 2828 v.
591 2789 625 2828 11.
639 2784 679 2829 llle
689 2785 751 2829 enim
759 2799 806 2828 non
816 2786 864 2827 erat
875 2798 916 2842 per
925 2798 948 2828 se
960 2785 1009 2828 eili-

130 2870 170 2903 cax
183 2856 270 2912 gratiae
285 2855 313 2898 iis
329 2855 369 2914 qui
383 2869 430 2899 non
445 2855 563 2915 ponebant
573 2855 674 2910 obicem;
692 2856 720 2900 de
736 2861 782 2914 quo
792 2854 1009 2917 discrimineagrmt

129 2925 243 2982 tlreologi3
262 2926 302 2971 cfr.
315 2928 335 2970 S.
347 2926 426 2971 Thom.
442 2932 488 2986 3p.
507 2941 545 2986 qu.
563 2930 590 2970 38
603 2930 645 2970 art.
659 2930 683 2979 33
702 2929 785 2970 Suarez
795 2925 820 2969 in
834 2929 846 2969 3
864 2941 886 2984 p.
905 2925 964 2985 dispe
980 2931 1007 2970 25

130 2999 183 3041 sect.
195 3000 216 3040 2.

156 3126 277 3166 Doctrinam
292 3127 378 3165 Petrum
393 3138 416 3166 ea
429 3123 455 3167 de
472 3139 495 3168 re
508 3128 591 3179 egregie
605 3127 705 3178 proponit
714 3126 824 3178 Patritiua,
836 3127 888 3166 diss.
899 3127 924 3165 13
935 3138 956 3179 ρ,
968 3128 1007 3166 aar
