2239 3511
75 275 77 280 “
143 281 181 320 579
222 260 223 264 Ἰ
299 300 300 303 =
490 284 570 316 turrru.
587 273 618 321 13,
635 274 674 313 t-r.

132 378 204 418 ,stabat
220 377 240 409 ln
255 376 324 416 littore,
341 376 357 409 3.
373 379 392 410 et
408 377 481 410 locutus
498 378 527 410 est
542 377 569 409 eis
593 374 624 415 πᾶς
646 372 656 407 ὅ
675 373 728 420 ὄχλος
749 371 776 409 ἐπὶ
796 372 824 408 rba
846 370 924 421 αἰγιαλὸν
946 371 1025 420 stertuit.

144 436 201 470 multe
211 436 230 470 in
239 436 335 478 parabolis
344 435 475 471 dieenszecce
484 436 529 469 exiit
539 436 572 478 qui
595 435 611 470 3.
629 432 657 468 aul
670 432 753 478 ἐλάλησεν
769 432 825 474 adroic
842 432 897 469 πολλὰ
916 433 933 469 ἐν
951 436 1026 481 παραδο-

143 496 223 529 seminet
238 495 374 537 seminaret.
391 497 410 529 et
430 495 474 529 dum
493 495 573 529 sentinat
594 492 632 534 λαΐς
653 492 715 541 λέγων’
737 491 772 528 ldob
791 491 858 537 ἐξῆλθεν
876 492 886 527 ὁ
905 494 977 541 σπείρων
996 498 1026 530 τοῦ

144 555 236 598 quaedam
245 555 353 589 oeciderunt
362 563 416 589 secus
426 556 476 588 viam
487 557 506 588 et
515 563 572 588 vene·
595 552 671 599 σπείρειν·
686 555 702 589 4.
717 552 746 587 καὶ
759 552 777 587 ἓν
790 556 815 600 τῷ
828 553 896 600 σπείρειν
909 552 959 589 αὐτὴν
973 555 984 588 ἂ
997 554 1026 601 μὲν

138 618 188 657 runt
204 617 290 648 volucres
306 615 354 648 coeli
366 616 385 648 et
402 615 523 663 comederunt
540 623 572 655 en3
596 611 652 648 ineest
665 612 709 659 παρὰ
718 610 748 655 τὴν
755 612 800 656 ὁδόν,
812 613 840 648 καὶ
849 608 919 648 ἐλθόντα
929 612 950 648 τὰ
959 613 1026 649 πετεινὰ

144 675 209 711 naha
220 674 399 708 autemoecidcrunt
413 676 433 707 in
447 676 529 717 petroso,
542 674 574 707 ubi
595 670 686 719 κατέφαγεν
704 670 752 708 adid.
767 675 783 708 5.
799 670 843 718 ἄλλα
859 670 876 705 u
894 671 950 708 ἕπεαεν
967 672 995 708 ἐπὶ
1006 672 1027 707 τὰ
1065 672 1066 677 ’

144 733 361 767 nonhabebantterram
371 734 574 768 multametcontinuo
597 732 673 779 πετρώδη
694 732 734 768 ὅπου
747 731 776 767 ola
794 728 840 780 εἶχεν
863 733 895 777 γῆν
911 731 985 775 πολλήν,
1000 731 1028 767 ναὶ

144 795 263 827 exortusunt
276 794 320 835 quia
333 802 372 827 non
381 794 476 828 habebant
491 793 575 828 altitudi-
598 791 655 833 εὐθέως
672 791 774 833 ἐξανέτειλαν
791 790 819 825 διὰ
834 791 853 827 τὸ
871 788 894 838 μὴ
912 788 959 838 ’ἔχειν
979 792 1028 838 βάρος

128 895 132 903 .
144 862 188 887 nem
196 854 266 895 terrae;
277 853 294 886 6.
305 854 345 887 sole
354 850 417 887 eutem
427 855 468 887 orto
476 855 574 886 aestuave—
596 853 633 895 τῆς,
643 853 679 898 γῆς.
694 854 711 887 6.
725 851 773 895 qliae
786 850 804 886 δὲ
820 850 939 900 ἀναπὲιίλαντος
954 849 1027 899 tacipe-

145 914 215 945 runt'et
224 913 269 954 quie
278 920 317 944 non
325 912 420 955 hebebant
429 912 512 945 radicem
521 903 574 945 aruc·
597 910 643 953 τώθη
659 911 688 944 καὶ
705 910 764 945 διὰτὸ
777 908 800 957 μὴ
817 910 863 959 ἔχειν
874 910 924 957 ptius
939 910 1026 957 ἐξηράνθη.
1043 930 1044 938 .

144 973 193 1019 runt.
208 970 224 1003 7.
234 969 278 1005 Atia
288 973 350 1004 autem
360 970 467 1004 ecciderunt
477 972 497 1003 in
509 972 574 1012 spinas
599 971 616 1005 7.
630 967 675 1003 ἄλλα
689 969 707 1004 δὲ
716 968 772 1004 ἔπεσεν
786 969 812 1005 ἐπὶ
824 970 852 1010 τὰς
865 969 938 1010 ἀκάνθας
947 970 976 1004 καὶ
988 970 1027 1005 ἀνέ-

145 1033 163 1064 et
172 1032 271 1064 creverunt
283 1031 349 1072 spinae
362 1033 381 1063 et
392 1030 531 1064 suffocaverunt
544 1039 572 1066 ea.
596 1028 648 1073 tqoer
672 1028 688 1063 αἱ
713 1027 783 1063 ἄκανθαι
811 1029 838 1063 καὶ
864 1028 953 1069 ἀπέπνιξαν
979 1028 1026 1066 αὐτά.

145 1090 162 1123 8.
172 1083 574 1138 Altaauterncecideruntinterrernbonnm
596 1090 614 1125 8.
627 1087 671 1122 ἄλλα
684 1087 702 1123 a
715 1087 771 1124 ’ἔπεσεν
787 1087 814 1123 ἐπὶ
830 1087 860 1132 τὴν
877 1090 910 1135 γῆν
927 1088 957 1132 τὴν
974 1088 1027 1133 καλὴν

124 1195 125 1199 ¹
144 1150 162 1183 et
178 1149 247 1183 dabant
265 1148 356 1190 fructum,
373 1149 424 1182 eliud
443 1143 573 1190 centesimum,
596 1148 624 1182 aut
646 1146 701 1183 seraa
724 1147 787 1194 καρπὸν
809 1148 819 1181 d
838 1147 867 1195 μὲν
893 1146 957 1194 ἑκατόν,
977 1150 986 1183 d
1011 1148 1028 1183 δὲ

144 1209 195 1242 aliud
203 1210 347 1257 sexagesimum,
359 1208 409 1242 allud
419 1210 542 1251 trigesimum.
555 1210 572 1243 9.
597 1206 704 1254 ἓξήααντα,ἳν
723 1206 740 1241 st
758 1208 852 1254 τριάκοντα,
872 1210 889 1243 9.
906 1207 915 1242 ὁ
934 1207 977 1254 ’έχων
993 1206 1028 1243 ὦτα
1047 1211 1048 1214 ’

144 1270 177 1311 qui
186 1268 243 1302 habet
253 1277 307 1301 aures
316 1268 404 1302 audiendi
414 1268 486 1302 audiat!
570 1274 572 1276 ·
597 1266 675 1302 ἀκουέτω.
952 1278 954 1282 ’

169 1354 191 1387 ln
200 1363 218 1387 v.
231 1355 239 1387 t
250 1352 282 1385 elii
297 1352 345 1386 codd
354 1352 453 1394 praeteri}
467 1352 498 1384 vel
512 1362 529 1384 εν
544 1353 572 1385 vel
587 1351 740 1394 frequentissime
748 1363 780 1385 αππ
793 1363 820 1390 τας
830 1363 887 1390 ονκνας.
901 1354 923 1385 In
933 1362 952 1385 v.
964 1353 974 1385 2
987 1354 1028 1395 pler

145 1413 192 1448 codd
202 1423 221 1444 το
233 1410 301 1451 nietam
316 1417 330 1448 te
344 1412 358 1444 Β
372 1411 427 1445 GLZ
437 1408 504 1444 πλοιον.
518 1411 541 1444 In
550 1419 569 1443 v.
581 1412 591 1444 3
602 1411 638 1445 add
650 1403 743 1444 seminare
754 1420 812 1444 storea
822 1421 873 1445 sitam
882 1412 919 1444 ken
929 1412 983 1460 steph
991 1414 1028 1445 sixt
1089 1415 1092 1421 ¹

145 1482 169 1508 ex
178 1473 223 1506 Luc.
233 1472 271 1512 8,5.
281 1471 303 1503 In
313 1480 331 1503 v.
343 1470 353 1503 4
363 1471 398 1504 rell
408 1469 456 1502 codd
465 1467 514 1504 aller
521 1480 542 1502 πα
551 1481 569 1503 π.
580 1480 652 1503 ααιαατ.
661 1471 697 1503 add
708 1480 776 1514 ουρανου
786 1468 813 1503 E*
824 1470 840 1503 u
853 1470 870 1503 Μ
880 1467 896 1500 Π
906 1471 924 1503 al
935 1470 956 1503 50
967 1470 1027 1504 iereh

144 1529 169 1566 ill
180 1533 193 1565 h
203 1540 235 1573 syr
244 1529 280 1576 (cu,
290 1531 309 1573 p)
321 1538 359 1563 arm
370 1531 413 1563 ecth
424 1529 459 1571 Or;
471 1529 560 1562 coelihen
572 1530 623 1562 rusti.
636 1529 658 1562 In
667 1537 685 1562 v.
698 1530 707 1561 5
718 1529 753 1562 rell
763 1529 810 1563 codd
820 1526 927 1570 εξανετενλεν,
937 1531 982 1562 item
997 1538 1028 1574 γης
1099 1560 1101 1563 ,

146 1593 186 1626 sine
196 1593 248 1624 artic.
260 1591 282 1623 In
290 1598 308 1622 v.
320 1590 330 1622 6
341 1588 361 1622 Ti
368 1589 395 1623 W
405 1586 523 1634 εααῡματισθη.
533 1593 554 1621 In
564 1598 582 1622 v.
593 1589 603 1622 9
613 1599 648 1621 ωπα
660 1589 696 1626 ΝΒ
706 1588 722 1622 L
733 1597 755 1622 ae
764 1586 791 1621 ifl
804 1589 817 1621 k
827 1589 871 1622 Tert
882 1588 903 1621 Ti
914 1589 940 1623 W
950 1588 976 1630 H3
991 1589 1028 1622 add

145 1660 210 1684 ααονενν
220 1651 254 1684 rell
265 1649 311 1683 codd
323 1649 370 1691 gret
378 1649 429 1691 vulg.
441 1648 463 1681 ln
470 1657 488 1681 v.
500 1648 507 1681 l
519 1655 550 1681 om
559 1648 589 1682 sin
598 1649 621 1682 de
631 1647 695 1690 domo,
707 1647 769 1681 addin
777 1657 795 1682 v.
808 1648 848 1681 5ob
856 1648 984 1690 splendorem3
996 1658 1027 1682 om

145 1713 188 1754 quia
198 1711 233 1744 etc.

173 1803 257 1847 Eadem
268 1801 380 1860 parabola
392 1805 457 1846 llere.
472 1804 533 1852 lut-9
543 1803 566 1844 et
575 1803 627 1845 Luc.
640 1805 704 1854 als-s
713 1800 809 1858 legitur3
823 1803 845 1845 et
855 1801 918 1859 apud
927 1804 1026 1845 Marcum

145 1874 240 1937 quidem
254 1872 334 1917 eadem
347 1873 407 1916 serie
421 1871 437 1915 i.
453 1887 473 1916 e.
488 1875 608 1930 postquam
622 1871 725 1935 Christusx
736 1871 854 1930 respondit
868 1870 897 1914 de
908 1875 985 1934 matre
1003 1875 1026 1916 et

122 1985 123 1988 ,
139 1945 259 1994 tratribus.
272 1942 335 1994 Quod
345 1942 429 1988 dicitur
442 1941 467 1986 in
479 1941 521 1986 itta
534 1941 571 1986 dte
584 1942 661 2005 usalis
673 1939 758 1986 indicat
773 1945 811 1986 aut
826 1944 868 1986 hoo
882 1957 1025 2003 consequen-

112 2012 114 2017 ’
143 2021 179 2062 ter
198 2019 288 2073 gestum
308 2017 382 2059 autem
402 2028 449 2057 non
464 2014 536 2057 multa
556 2013 673 2073 interponi
688 2013 915 2073 potuisse-maxime
931 2014 986 2073 quia
1003 2019 1026 2059 et
1050 2004 1052 2007 ⁸

143 2093 228 2134 Marcus
245 2086 345 2131 eundem
363 2085 467 2129 ordinem
482 2088 545 2129 tenet
562 2103 573 2126 ν
590 2085 623 2129 ita
639 2086 662 2130 S.
676 2086 736 2143 Azrq.
752 2085 793 2144 qui
808 2087 885 2129 tamen
901 2085 969 2129 simul
984 2086 1026 2130 ad-

140 2159 212 2204 ,vert't
224 2173 228 2203 t
240 2157 284 2201 nisi
298 2159 355 2201 lorte
369 2156 418 2200 dies
431 2169 494 2200 more
505 2156 676 2217 ¹scripturarum
686 2159 777 2215 tempus
787 2155 906 2212 significet.
919 2159 991 2215 Atque
1000 2159 1025 2201 in
1075 2190 1076 2193 ,

61 2243 63 2247 ’
125 2287 126 2291 ¹
144 2229 268 2290 aliquibus,
280 2227 334 2273 licet
348 2227 427 2286 paucis
443 2226 560 2272 codicibus
574 2227 660 2285 legitur
674 2232 693 2273 ἐν
708 2232 728 2272 δὲ
741 2237 784 2280 ταῖς
798 2235 882 2286 ἡμέραις
896 2232 980 2280 tactatur
996 2231 1025 2287 (et

106 2345 107 2348 ,
145 2313 173 2360 eg
182 2303 206 2345 in
219 2300 260 2345 illo
271 2300 396 2358 tempore);
408 2302 431 2343 at
446 2298 484 2343 hio
499 2313 546 2343 non
557 2313 613 2357 opus
624 2301 657 2344 est
669 2298 712 2343 hac
726 2298 884 2358 explicatione,
897 2313 949 2343 cum
962 2299 1025 2358 apud
1095 2341 1097 2343 .

136 2377 165 2423 ‚S.
179 2374 261 2417 Lucam
273 2386 365 2431 quoque
378 2371 522 2415 narrationes
535 2370 568 2414 ita
580 2370 713 2427 iungantur,
725 2373 750 2413 ut
760 2370 826 2414 facile
839 2373 917 2429 pateat
927 2373 949 2414 et
957 2370 1024 2415 illum

144 2447 250 2489 eventum
262 2445 284 2486 et
297 2443 357 2487 hanc
370 2441 593 2501 perrabolameidem
603 2441 650 2485 diei
661 2454 727 2499 posse
739 2440 839 2484 attribui.
852 2440 937 2485 Dicitur
947 2445 1024 2485 autem

145 2515 246 2570 Christus
257 2511 358 2556 erirede
370 2511 435 2555 darno
448 2511 502 2570 quie
514 2525 585 2570 supre
595 2511 681 2555 dictum
695 2513 730 2556 est
740 2511 822 2554 tratres
835 2511 920 2555 stetisse
932 2511 988 2557 foris
1002 2516 1024 2557 et

143 2585 238 2644 insuper
246 2586 310 2628 llere.
322 2587 375 2637 390
383 2583 408 2627 in
417 2583 486 2626 domo
497 2582 611 2626 Christum
622 2584 700 2640 contra
709 2581 878 2642 blasphemiam
889 2574 1024 2642 pharisaeo*

143 2671 195 2702 rum
204 2656 307 2700 locutum
317 2669 364 2716 esse
375 2650 492 2699 narratur.
504 2656 559 2700 Cum
574 2653 603 2698 de
617 2653 685 2698 domo
698 2653 744 2721 illa
753 2657 807 2698 nota
818 2644 855 2711 τῆς
865 2656 927 2708 οἰκίας
938 2656 1024 2699 mentio

143 2729 183 2772 fiat
194 2741 221 2771 er
231 2742 277 2786 qua
289 2726 368 2771 exierit
380 2726 408 2771 ad
416 2716 487 2771 ¹mare
497 2726 513 2769 i.
527 2742 547 2770 e.
560 2726 590 2770 ad
599 2726 675 2771 lecum
689 2725 822 2780 Tiberiadis,
834 2726 914 2770 domus
928 2727 987 2769 Petri
1000 2727 1025 2770 in

144 2799 306 2857 Capharnaum
316 2797 410 2842 civitate
425 2811 465 2842 sua
480 2797 525 2856 (91
538 2800 561 2841 et
570 2797 633 2857 au)
643 2797 792 2855 intelligenda
806 2797 856 2841 erit.
868 2799 923 2859 Cum
937 2797 1023 2842 multae

145 2869 227 2913 turbae
238 2870 329 2913 adeum
342 2868 484 2913 audiendum
498 2872 701 2927 congregarentur,
712 2857 797 2928 ipsein
807 2867 937 2914 naviculum
948 2870 1027 2915 ascen?

144 2939 178 2985 dit
188 2938 267 2997 ibique
279 2940 359 2984 sedens
369 2940 399 2984 ad
408 2940 488 2985 turbas
498 2940 523 2983 in
532 2940 608 2985 littore
619 2941 766 2985 consistentes
776 2938 846 2983 verba
855 2939 916 2985 iecit.
928 2944 983 2986 Cum
995 2943 1023 2989 li-

143 3014 179 3056 tus
189 3009 219 3055 ad
228 3009 329 3069 speciem
338 3012 454 3068 quandam
463 3001 629 3070 amphitheatri
638 3011 750 3070 paulatim
757 3016 894 3069 assurgeret,
903 3015 1022 3059 commode

143 3097 156 3126 a
169 3080 278 3141 plurimis
292 3084 313 3125 et
326 3079 400 3124 videri
414 3084 435 3125 et
446 3082 519 3127 audiri
530 3086 630 3142 poterat.
645 3085 700 3126 Nota
713 3095 820 3138 graecum
833 3087 864 3129 ἐπὶ
878 3087 1020 3142 rescindite,

127 3198 129 3201 ,
143 3153 225 3197 turbae
241 3168 283 3212 per
297 3151 361 3196 littus
377 3151 471 3197 diffusae
487 3154 584 3206 stabant,
600 3167 646 3211 qua
662 3151 760 3198 dictione
777 3168 862 3211 magna
878 3154 1023 3202 audientium

143 3238 226 3268 corone
236 3225 265 3269 ad
274 3224 338 3269 littus
349 3223 474 3270 consistens
484 3224 623 3283 depingitur.
