2211 3575
465 238 540 270 narra.
557 229 591 276 12,
608 228 647 268 7³8,
958 235 995 275 aaa

92 388 93 391 Ἴ
155 323 312 383 Porroinvidis
321 330 366 375 illis
376 335 402 375 ae
411 331 506 376 morosis
515 329 692 384 aemulatoribus
702 329 759 387 legis
769 328 815 373 alio
826 316 916 388 quoque
928 327 993 379 modo

122 397 179 457 legis
188 400 350 458 ignorantiam·
357 402 478 463 exprobrat
488 401 606 447 ostendens
616 415 687 460 ,quam
696 401 764 458 longe
772 400 849 445 absint
857 399 885 444 ab
896 414 924 444 eo
935 398 994 459 quod

123 470 173 529 lege
182 473 325 530 potissimum
338 474 466 519 inculcatur
475 489 497 518 v.
509 472 551 518 'Isi
561 481 638 517 autem
647 471 731 516 sedetis
742 471 798 531 qaid
806 479 838 516 est
848 486 855 516 :
867 470 993 516 narsera'cor-

124 541 184 585 etiarn
198 543 250 587 colo
264 552 284 588 et
294 540 340 589 non
354 544 504 604 sacrificium,
517 558 637 605 nunquam
652 542 840 587 condemnassetis
853 542 993 597 innocentem

117 612 174 657 ,vide
190 613 219 657 ad
234 619 296 671 a‚13‘;
313 616 336 661 si*
343 617 420 676 itaque
435 618 529 674 propter
545 615 682 660 sacrificium
699 628 727 659 ne
740 614 783 659 hoe
802 614 928 669 omittatur,
942 613 994 656 licet

124 684 207 729 solvere
214 686 346 742 sabbatum,
358 675 446 746 potiore
454 686 590 730 iurelicebit
599 686 686 745 aliquid
696 686 769 745 operis
775 689 891 746 praestare
898 686 994 745 propter

124 756 301 802 misericordiam
309 772 380 817 quam
389 761 445 802 Deus
452 772 509 816 prae
517 751 627 801 sacrificio
636 757 685 800 vult
695 757 731 814 (cf.
743 758 812 802 aaran.
823 749 923 817 Pescla).¹
932 759 993 800 Hanc

124 841 227 872 normam
241 829 287 872 iarn
301 827 329 873 ab
340 828 489 874 Achimelech
501 827 616 873 sacerdote
629 819 771 872 observatam
784 842 832 874 esse
845 829 868 873 S.
879 826 943 872 Hier.
956 827 991 871 ad·
1053 857 1054 861 ,
1094 864 1095 867 ,

84 944 85 952 ¹
123 900 184 942 notat
196 912 200 943 :
213 916 225 940 «
235 914 282 944 non
290 900 404 945 dubitavit
413 904 485 959 panes
493 899 545 945 dare
555 899 637 945 melius
647 899 768 944 arbitratus
780 899 894 959 propheta
905 898 993 942 dicente

78 966 81 972 '
124 970 361 1017 misera'cordr'dmeolo
372 975 412 1017 etc.
424 972 453 1017 de
461 972 527 1017 famis
536 972 637 1032 periculo
646 971 751 1016 homines
760 970 859 1015 liberare
869 984 939 1030 quam
949 972 992 1013 Deo

123 1041 202 1086 offerre
215 1040 364 1099 sacrificium
375 1044 447 1089 hostia
461 1043 521 1088 enim
533 1042 653 1103 placabilis
663 1046 710 1087 Deo
722 1043 841 1088 hominurn
851 1042 910 1087 salus
923 1043 956 1086 est
971 1059 989 1085 a,

56 1119 61 1122 ⁴
122 1113 296 1158 Misericordiam
315 1115 389 1169 enim,
407 1118 432 1159 ut
449 1115 498 1159 Gai.
521 1114 586 1170 dicit,
604 1115 651 1159 vult
666 1118 725 1160 Deus
741 1113 865 1159 secundum
882 1114 989 1173 seipsam,

123 1186 198 1243 utpote
214 1185 322 1229 virtutem
341 1185 422 1241 animi;
440 1185 579 1230 sacrificium
594 1188 668 1229 autem
687 1200 734 1229 non
750 1186 799 1230 vult
817 1184 942 1230 secundum
957 1198 1006 1238 se,.

123 1256 201 1314 utpote
214 1270 272 1315 opus
281 1271 421 1316 vcorporeum
434 1256 498 1316 quod
512 1259 585 1316 potest
601 1257 658 1301 bene
671 1259 695 1300 et
709 1256 772 1301 male
781 1256 840 1300 fieri.
858 1259 902 1300 Hoc
915 1256 992 1314 itaque

76 1378 81 1386 „
122 1326 249 1371 testimonio
257 1328 381 1387 prophetae
390 1327 493 1372 redditur
501 1328 558 1372 ratio
567 1327 690 1384 generalis,
701 1342 770 1386 quare
776 1327 908 1370 necessitate
916 1326 993 1384 aliqua

87 1446 90 1449 ,
123 1398 247 1443 constrictis
257 1398 435 1457 permittendum
449 1398 478 1442 sit
487 1399 560 1458 potius
576 1398 662 1458 aliquid
677 1397 740 1457 quod
753 1396 856 1456 alioquin
870 1400 902 1446 est
911 1400 993 1451 >contra
1038 1438 1039 1442 ,
1077 1425 1079 1429 -

122 1469 178 1525 legis
190 1470 351 1525 caerimonias,
364 1484 431 1530 quam
446 1469 558 1527 exigenda
572 1469 602 1513 ab
613 1470 643 1514 eis
657 1471 737 1513 exacta
750 1468 808 1526 legis
819 1468 959 1521 observatio,
973 1470 993 1511 et

122 1540 188 1584 etiam
201 1540 327 1586 ostenditur
339 1555 408 1600 quam
421 1543 483 1585 recte
496 1555 536 1600 per
549 1541 637 1584 facturn
649 1535 793 1584 sacerdotum
812 1542 946 1584 excusentur
959 1538 993 1582 di-

122 1611 209 1671 scipuli.
223 1612 246 1656 Si
259 1612 318 1657 enim
330 1614 424 1672 propter
434 1611 571 1657 sacrificium
583 1611 738 1671 permittenda
747 1613 779 1655 est
786 1611 879 1654 violatio
891 1603 989 1664 sabbati,

122 1682 275 1745 multomagis
289 1698 314 1727 ea
324 1683 481 1743 permittenda
490 1683 518 1726 sit
527 1682 616 1727 miseris
630 1685 724 1742 propter
733 1680 927 1737 misericordiam,
939 1681 992 1740 quia

121 1754 207 1810 gratior
217 1756 251 1798 est
264 1757 306 1807 Deo
315 1753 473 1798 misericordia
483 1768 551 1812 quam
561 1753 698 1797 sacrificium
711 1752 752 1812 (ita
762 1753 843 1811 Iena).

111 1827 113 1830 ’
150 1825 251 1885 Denique
270 1825 382 1869 rationem
396 1824 460 1869 addit
476 1824 578 1868 omnium
595 1819 753 1881 gravissimam
766 1839 788 1869 v.
807 1827 821 1868 8
839 1822 945 1867 dominus
962 1831 994 1867 est

122 1897 180 1939 enda
189 1896 261 1940 Filius
276 1895 375 1953 torpidis
389 1896 457 1940 etium
471 1894 570 1951 sabbam
581 1894 609 1939 de
623 1895 677 1939 Filio
690 1895 788 1939 hominis
797 1894 921 1948 videam.
938 1894 993 1938 Sab-

53 1977 54 1980 ’
121 1967 198 2010 batum
208 1969 242 2011 est
250 1966 296 2011 dies
306 1970 351 2010 Deo
361 1967 456 2010 Domino
466 1980 528 2011 sacer
539 1969 560 2010 et
570 1981 584 2010 a
593 1969 636 2010 Deo
645 1966 669 2009 in
682 1965 817 2024 obsequium
828 1965 870 2009 sibi
882 1965 993 2023 singulari

68 2078 69 2081 ,
121 2038 206 2082 ratione
216 2037 380 2096 praestandum
393 2039 545 2091 consecratus
559 2038 593 2080 est
604 2035 650 2095 dies
661 2036 752 2080 Domini
766 2036 811 2093 (Ex.
823 2040 901 2089 20,10;
915 2039 990 2091 31,15;

121 2113 173 2163 352
186 2108 253 2167 ete.l;
266 2108 364 2168 proinde
377 2109 415 2167 qui
427 2107 546 2167 profitetur
559 2122 584 2151 se
594 2122 639 2151 esse
653 2107 770 2151 dominum
784 2106 883 2162 sabbati,
894 2120 919 2151 se
928 2120 992 2165 posse

78 2173 79 2177 ¹
121 2180 149 2223 de
157 2195 182 2224 eo
192 2179 230 2224 die
239 2182 358 2239 tamquam
367 2178 394 2223 de
403 2194 427 2223 re
435 2194 478 2223 sua
486 2178 606 2238 disponere
616 2177 719 2237 (arula),
729 2192 751 2222 se
759 2192 806 2224 esse
818 2181 897 2233 Deum,
911 2193 993 2238 aequa-

120 2251 164 2294 lem
172 2255 215 2294 Deo
230 2251 370 2294 sollemniter
377 2250 484 2294 declarat.
495 2249 556 2293 Unde
564 2248 621 2308 qui'd
629 2249 731 2293 indicare
743 2249 871 2293 volueritv,
884 2253 897 2293 6
907 2263 959 2292 cum
969 2263 992 2293 se

121 2322 199 2365 dixerit
209 2320 283 2365 maius
292 2325 340 2365 esse
350 2320 444 2380 templo,
456 2320 503 2364 iam
513 2320 596 2365 clarius
604 2319 707 2364 enuntiat
714 2323 736 2363 et
745 2319 805 2365 bene
814 2309 891 2364 scribit
903 2320 973 2364 Eutb.
984 2334 992 2364 :

121 2412 132 2435 «
147 2406 244 2437 rursum
254 2391 397 2436 divinitatem
413 2405 478 2436 suam
495 2383 592 2436 ostendit
612 2408 622 2431 a
639 2391 699 2450 (sim.
720 2391 808 2435 Tolerus
825 2389 855 2434 ad
867 2393 921 2435 Luc.
940 2393 989 2446 o,5;

90 2494 91 2497 =
120 2466 174 2523 Lep.
191 2463 256 2524 Sylc.
275 2466 357 2523 Lamp,
370 2462 442 2522 Bur).
462 2464 517 2506 Cum
534 2462 612 2521 itaque
625 2462 644 2506 is
659 2462 701 2521 q'ui
719 2464 750 2506 est
767 2461 873 2506 dominus
890 2460 989 2518 sabbati,

119 2535 241 2593 discipulos
251 2549 294 2579 non
305 2534 470 2594 reprehendat,
485 2533 590 2593 discipuli
600 2536 659 2577 recte
671 2523 768 2590 egerunt
780 2536 803 2577 et
816 2536 868 2578 sunt
882 2533 990 2588 insontes.

119 2632 148 2639 —
156 2608 239 2650 thatu
250 2605 346 2662 dignum
359 2608 391 2650 est
401 2608 541 2665 quantopere
552 2605 675 2649 Matthaeus
689 2605 714 2648 in
727 2620 748 2648 v.
764 2608 785 2648 6.
801 2608 815 2649 8
826 2604 904 2648 efferat
914 2603 991 2662 digni·
1039 2647 1041 2653 s
1054 2621 1057 2626 ¹

119 2679 186 2721 tatem
202 2675 338 2720 messianam
359 2679 416 2729 Iesu;
436 2676 490 2719 dein
506 2675 621 2735 qaromodo
638 2675 741 2721 ostendat
755 2675 887 2741 pharisaeos
904 2690 918 2719 a
935 2675 991 2732 legis

119 2748 213 2792 scientia
226 2749 249 2791 et
259 2761 310 2791 vera
326 2747 375 2791 eius
386 2746 463 2790 indole
476 2746 543 2803 longe
553 2747 631 2790 abesse
644 2749 665 2790 et
677 2738 771 2790 animos*
777 2744 896 2790 ostendere
910 2745 989 2801 duros,

113 2815 204 2863 'alienos
220 2834 234 2863 a
250 2818 342 2878 pietate,
363 2816 483 2861 obfirmata
499 2816 617 2860 voluntate
631 2817 675 2861 suis
691 2815 855 2861 traditionibus
868 2817 992 2877 etputidis

119 2885 306 2950 explicationibus
317 2888 376 2947 legis
385 2887 463 2932 affixos
474 2886 576 2946 adeoque
586 2887 674 2945 ineptos
685 2901 755 2952 regno
764 2886 886 2934 messiano.

302 3002 313 3032 Ὗ
336 3016 359 3058 h)
374 3017 405 3050 De
416 3021 485 3048 manu
498 3012 562 3047 arida
576 3012 658 3046 sanata
672 2998 769 3057 12‚9-'21.

145 3120 189 3165 itt.
205 3122 229 3156 nt
240 3129 280 3155 cum
290 3122 333 3155 inde
343 3122 452 3163 transisset,
463 3120 541 3154 venitin
594 3119 639 3160 lta).
655 3118 687 3152 Καὶ
706 3118 775 3164 paratae
787 3117 850 3153 ἐκεῖθεν
863 3114 910 3162 ἦλθεν
927 3115 948 3156 εἰς
960 3114 989 3159 τὴν

119 3191 234 3226 synagogam
253 3188 321 3214 corum.
343 3179 371 3213 10.
388 3181 410 3214 Et
427 3188 472 3215 ecce
488 3180 541 3214 lromo
567 3176 733 3224 συναγωγὴναῦτῶν,
745 3180 771 3214 10,
779 3173 989 3223 καὶίδοὺᾶνθρωποςχεῖρα
