2239 3511
111 171 150 211 108
219 198 220 201 ¹
309 157 310 163 ¹
376 219 378 223 Ι
455 170 566 221 555551,
583 168 638 208 all.

75 301 77 305 Α
109 265 184 306 cedere
203 270 224 306 et
239 268 299 318 sequi
317 267 434 314 avaritiam,
451 267 560 306 interdum
577 279 626 307 vero
646 267 673 307 ex'
686 268 773 307 avaritia
788 267 845 319 gigni
861 268 981 320 superbiam

110 330 144 383 (et.
158 331 211 372 Tou.
225 343 259 383 qu.
271 330 388 384 3158515).
401 332 442 372 Alii
457 335 574 383 sequuntur
587 332 608 372 S.
620 333 762 385 Augustinum
776 332 919 388 scribentem:
932 349 941 369 a
952 334 981 373 inf

109 397 189 436 certum
201 399 232 437 est
245 397 297 448 quid
308 397 368 449 prius
381 397 460 438 sactum
475 398 511 447 sit;
523 398 576 438 nihil
590 400 660 438 tamen
673 398 699 438 ad
713 410 769 447 rem,
781 388 831 437 dhrn
846 398 917 437 omnia
930 399 982 438 iacta

109 471 154 502 esse
165 462 299 508 manifestum
310 463 337 502 sit
348 478 357 500 a
369 462 403 516 (de
414 475 470 503 cons.
483 476 556 516 evang.
567 465 621 513 ale,
634 465 668 512 33;
680 464 708 504 ill.
720 464 823 515 aulaea).
835 463 876 503 Alii
886 462 981 503 ordinem

109 526 207 567 hlatthaei
218 540 242 568 ex
255 540 280 569 eo
294 529 454 578 commendant,
470 529 527 581 quod
540 529 562 568 in
578 529 669 569 secunda
684 529 799 570 tentatione
813 529 881 569 solum
896 528 980 570 exsistat

109 592 270 634 incitamentum
281 595 307 635 ad
317 594 520 646 praesumptionem,
533 594 584 635 dum
594 595 615 634 in
626 595 687 635 tertia
697 606 770 635 omnes
780 594 845 634 animi
856 594 981 646 cupiditates

109 661 252 708 provocentur
264 672 287 700 ac
300 660 436 701 stimulentur
449 661 535 712 opibus,
547 661 699 713 voluptatibus,
714 659 829 701 honoribus
843 672 885 699 uno
896 660 981 699 cumulo

109 723 203 764 collectis
214 727 235 765 et
247 726 349 776 ostensis;
365 738 428 778 quare
442 739 466 767 ea
480 727 567 767 demum
580 727 695 767 tentatione
710 737 784 767 omnes
797 725 860 765 simul
873 725 981 764 machinae

109 789 262 832 admoveantur
279 782 306 832 ad
320 792 416 831 animum
433 787 597 844 expugnandum
611 791 644 841 (cl.
663 793 757 833 liesclder
772 793 783 832 1
797 803 818 844 p.
834 792 887 844 tel).
902 790 982 830 narseti

109 856 236 896 tentationes
250 857 312 909 dirigi
328 859 398 896 censet
411 860 483 896 contra
496 856 601 908 triplicem
616 857 713 901 ordinem
726 868 790 909 quem
803 857 857 897 Deus
871 855 962 896 instituit
976 867 980 895 :

108 920 204 960 ordinem
214 932 287 961 rerum
296 922 431 970 naturalium,
440 921 538 962 ordinem
548 922 660 970 Ecclesiae,
669 923 766 962 ordinem
777 922 842 962 totius
852 921 935 973 generis
945 921 982 961 hu-

107 985 172 1024 mani.
186 986 533 1039 (1515555515155555555555115155
547 987 643 1027 ordinem
657 999 682 1027 ex
697 988 782 1039 speciali
792 987 903 1038 utriusque
914 987 981 1026 eonsi-

108 1051 136 1090 115
147 1053 167 1090 51
177 1051 294 1102 intentione
305 1052 410 1092 declarare
421 1052 492 1092 studet
503 1065 507 1092 :
524 1055 600 1094 Lucam
611 1065 655 1093 rem
666 1051 795 1101 describere,
806 1052 876 1108 prouti
886 1055 944 1105 gesta
954 1052 980 1092 sit

44 1135 45 1138 ¹
108 1119 128 1155 et
140 1128 164 1155 eo
175 1117 249 1157 ordine
260 1118 382 1158 adumbrari
393 1119 451 1169 prius
461 1121 535 1170 gentes
544 1119 615 1159 vocari
625 1119 650 1158 ad
663 1131 751 1171 regnum
761 1118 798 1159 Dei
809 1120 830 1158 et
842 1121 890 1170 post
901 1130 935 1158 eas
946 1118 980 1158 de-

108 1181 172 1232 nique
183 1183 246 1223 Israel
257 1194 354 1235 quoque;
364 1184 494 1223 llattnaoum
504 1187 574 1224 autem
584 1185 650 1224 vitare
659 1196 685 1224 ne
696 1185 767 1224 statim
774 1184 803 1223 ab
814 1183 874 1223 initio
884 1184 906 1223 id
917 1196 980 1223 enun-

107 1247 145 1285 tiet
155 1247 213 1298 quod
222 1241 271 1288 vero
281 1248 386 1289 Israelitae
397 1255 480 1289 summo
492 1249 518 1289 sit
528 1250 606 1297 dolori,
618 1250 662 1290 tore
673 1250 718 1290 soil.
730 1253 753 1290 ut
763 1249 825 1289 lsrael
836 1261 878 1288 non
888 1249 980 1288 inveniat

75 1330 78 1339 »
108 1313 197 1364 gratiam
208 1314 249 1353 nisi
259 1314 280 1353 in
290 1316 331 1361 tine
342 1316 462 1366 temporum
473 1314 497 1368 (ll
507 1327 528 1367 p.
540 1315 593 1367 lea).
605 1316 627 1354 ln
638 1318 710 1355 monte
721 1315 764 1355 soil.
777 1314 883 1354 Christum
893 1314 980 1354 victoria

109 1389 146 1417 sua
156 1381 228 1430 gentes
244 1380 325 1431 eripere
339 1391 363 1419 en
378 1380 521 1420 dominatione
537 1380 615 1420 diaboli
632 1383 652 1420 51
666 1381 714 1420 ideo
730 1392 778 1420 eum
789 1380 866 1419 tentari
880 1379 906 1419 iis
916 1380 979 1420 nehus

107 1443 195 1492 obiectis
212 1445 289 1495 quihus
303 1447 376 1496 gentes
391 1446 482 1485 manime
498 1446 641 1497 eaptiventur3
656 1446 677 1485 in
693 1446 767 1497 templi
782 1445 893 1496 pinnaculo
909 1448 979 1486 autem

107 1508 212 1549 Christum
226 1511 300 1550 tentari
310 1511 484 1562 praesumptione
498 1511 555 1562 quod
569 1522 653 1562 semper
666 1511 731 1551 tuerit
743 1513 854 1563 peecatum
863 1511 978 1562 principale

106 1571 233 1615 ludaeorum
246 1578 267 1616 51
277 1576 366 1616 victoria
380 1587 417 1616 sua
430 1576 536 1616 declarare
548 1576 594 1616 tore
610 1578 633 1616 ut
644 1577 736 1628 denique
746 1576 904 1627 israelquoque
915 1577 979 1616 salve-

87 1642 147 1679 aar.
157 1642 183 1680 rit
193 1641 267 1681 dtrhito
277 1652 329 1682 num
338 1652 363 1680 ex
373 1641 416 1681 sola
426 1641 484 1681 serie
492 1641 631 1681 tentationum
642 1642 683 1681 alio
693 1644 757 1693 atque
764 1641 805 1694 alio
815 1641 888 1680 ordine
897 1644 979 1682 narrata

106 1706 128 1745 id
139 1709 248 1757 sequatur3
259 1707 330 1747 verbis
341 1707 397 1747 enim
411 1707 490 1759 quihus
501 1703 595 1748 Christus
609 1707 676 1747 utitur
691 1702 762 1759 potius
775 1707 902 1747 tentationes
912 1707 978 1746 lsrae-

106 1772 192 1823 litarum
202 1772 224 1811 in
234 1772 317 1813 deserto
328 1784 382 1824 quae
393 1773 467 1823 utique
478 1773 500 1811 in
512 1774 579 1824 figura
592 1773 656 1812 155155
667 1775 717 1822 5551
726 1765 792 1812 nostri
803 1771 822 1825 (l
834 1773 879 1812 Cor,
891 1771 946 1825 lde)
957 1773 978 1811 in

106 1838 233 1877 memoriam
246 1835 380 1887 revocantum
391 1850 455 1889 quare
469 1838 540 1890 lapsus
553 1838 626 1890 populi
640 1838 677 1877 Dei
693 1838 729 1889 qui
743 1838 794 1878 olim
809 1838 877 1877 factus
894 1840 925 1877 est
940 1849 977 1877 suo

106 1903 170 1942 modo
180 1915 218 1954 per
229 1904 334 1943 Christum
348 1905 459 1955 reparatur
471 1907 492 1943 et
506 1915 532 1943 ne
547 1903 639 1958 populus
655 1903 772 1943 messianus
787 1902 861 1942 eodem
871 1903 930 1954 lapsu
940 1914 977 1955 pe-

106 1972 157 2019 reat,
168 1969 287 2010 remedium
298 1971 319 2009 et
328 1969 431 2009 auxilium
441 1969 571 2020 providetur.

67 2028 69 2030 ¹
133 2035 235 2075 05551155
248 2035 324 2086 itaque
339 2034 475 2074 consideratis
491 2035 556 2074 liceat
573 2035 697 2074 concludere
716 2046 764 2075 curn
782 2037 867 2074 auctore
883 2045 914 2085 op.
931 2038 977 2085 imp.

108 2101 142 2149 (ill.
155 2091 236 2152 editt)
249 2112 252 2139 ι
266 2115 275 2136 a
287 2099 382 2140 omnium
392 2100 497 2139 malorum
510 2100 578 2150 prima
593 2102 613 2139 et
628 2100 714 2139 fortiora
724 2102 772 2139 sunt
782 2099 822 2138 tria
833 2098 887 2138 mala
899 2111 903 2138 z
915 2099 978 2139 idest

106 2165 161 2216 gula,
173 2165 269 2212 avaritia,
281 2176 333 2204 vana
347 2164 419 2216 gloria.
431 2164 534 2204 Adversus
548 2176 602 2215 quae
615 2165 716 2204 Dominus
726 2163 848 2204 tentationis
859 2158 977 2215 suscipiens

105 2230 186 2269 bellum
195 2231 297 2281 pugnavit
306 2242 344 2281 pro
354 2230 426 2276 nohis3
436 2232 507 2269 contra
516 2229 588 2280 gulam
598 2229 620 2268 in
631 2241 709 2278 eremo,
720 2232 791 2270 eontra
800 2229 907 2268 avaritiam
916 2241 977 2281 super

106 2298 211 2342 montem,
223 2298 295 2335 contra
305 2307 378 2334 trunam
389 2295 478 2347 gloriam
489 2289 553 2347 super
562 2295 667 2346 templum
678 2311 696 2335 a.

133 2357 171 2404 Qui
187 2360 329 2399 narrationem
346 2359 371 2399 de
384 2360 536 2400 tentationibus
551 2360 627 2400 Christi
641 2372 683 2399 non
699 2371 723 2399 eo
740 2369 802 2399 sensu
817 2357 923 2408 accipiunt
939 2357 975 2407 qui
1004 2394 1006 2398 ,

108 2423 176 2461 verhis
191 2425 260 2474 planis
277 2412 409 2475 exprimitur,
421 2426 443 2464 in
459 2425 570 2477 opiniones
586 2425 676 2463 manime
690 2425 757 2464 varias
770 2423 855 2463 abeunt.
866 2422 907 2461 lilii
919 2421 975 2460 enim

108 2489 201 2527 statuunt
211 2500 253 2527 non
270 2489 379 2528 diabolum
391 2490 483 2528 voluisse
497 2490 605 2540 explorare
620 2490 667 2540 quis
683 2491 737 2530 esset
752 2490 820 2537 lesus,
835 2487 872 2527 sed
883 2487 975 2538 aliquem

107 2552 215 2593 hominem
229 2554 261 2593 vel
275 2554 356 2606 plureS,
368 2554 400 2594 vel
417 2554 556 2605 synedristam
570 2555 674 2606 quendam
686 2555 719 2595 vel
731 2554 861 2594 sacerdotem
871 2553 912 2592 tale
923 2552 974 2604 quid

108 2620 226 2670 suscepisse
242 2622 265 2660 nt
278 2620 348 2660 iesum
364 2620 395 2659 vel
412 2620 437 2659 ad
449 2632 497 2659 suas
514 2621 658 2672 pertraherent
671 2623 742 2673 partes
755 2620 786 2661 vel
800 2619 919 2671 perderent.
935 2617 973 2657 Alii

107 2685 239 2725 haecomnia
254 2686 276 2725 in
287 2685 367 2726 visione
379 2697 424 2725 esse
434 2689 528 2737 peracta,
540 2698 603 2736 quam
614 2686 717 2726 visionem
732 2687 809 2726 iterum
820 2684 855 2723 alii
866 2697 878 2723 5
891 2683 973 2723 diaholo

108 2749 237 2800 immissam,
249 2752 284 2791 alii
294 2764 305 2791 a
315 2752 367 2799 lieo,
382 2751 416 2790 alii
433 2752 503 2791 causis
513 2752 642 2791 naturalibus
658 2755 726 2791 ortam
736 2736 863 2799 describunt.
880 2749 921 2789 Alii
932 2760 974 2787 non

109 2815 220 2864 visionem,
237 2818 273 2857 sed
290 2817 397 2856 somnium
414 2809 504 2857 statuere
522 2818 608 2864 malunt.
625 2818 664 2856 hlii
680 2814 747 2857 trihus
761 2815 807 2855 istis
821 2815 973 2855 tentationibus

108 2881 201 2920 exhiheri
212 2884 325 2933 synrholioe
339 2894 363 2922 ea
373 2895 426 2934 quae
436 2874 495 2923 iesus
505 2884 527 2922 in
537 2884 620 2923 deserto
627 2883 689 2922 variis
699 2882 765 2922 animi
775 2881 922 2921 affectionibus
938 2892 982 2921 ex-.

108 2949 179 2998 pertus
193 2947 229 2996 sit,
241 2949 276 2987 alii
293 2949 363 2987 lesum
373 2948 425 2988 haec
440 2949 549 3000 discipulis
565 2960 658 2988 narrasse
672 2960 710 3000 per
719 2948 805 2987 modum
819 2947 938 2999 parabolae,
951 2947 972 2985 ut

108 3024 143 3052 eos
157 3012 231 3051 doceat
241 3025 266 3052 ne
276 3014 297 3052 in
306 3025 367 3052 sunni
378 3014 514 3054 commodum
525 3017 545 3054 et
555 3014 722 3054 emolumentum
732 3013 831 3053 miracula
841 3015 935 3064 patrent,
946 3021 972 3050 ne

107 3078 171 3118 nimia
178 3078 310 3129 abripiantur
316 3079 401 3118 audacia
407 3111 411 3128 ,
417 3091 443 3118 ne
450 3092 542 3130 unquam
550 3091 597 3119 oum
605 3079 688 3118 diaholo
696 3080 824 3126 contrahant,
832 3079 871 3117 etsi
882 3077 972 3117 maxima

107 3155 202 3195 quaeque
214 3143 326 3183 commoda
335 3145 515 3194 promitterentur
528 3145 568 3183 Alii
583 3147 648 3183 totam
658 3145 798 3185 narrationem
813 3144 916 3195 euplicant
926 3154 971 3193 my-
