2211 3575
388 202 391 209 ·
439 205 517 236 aaron.
534 195 566 243 12,
582 194 615 261 50,
709 182 710 185 ¹
931 203 970 259 569
1046 199 1051 207 ‘

87 294 124 340 vel
132 293 173 354 qui
181 295 286 341 venerint
294 297 319 341 ut
327 287 477 356 loquerentur
484 310 539 349 cum¹
545 299 597 342 lesu
604 301 626 342 et
635 295 675 356 qui
684 294 713 341 ad
722 309 777 341 eum
787 294 917 341 vocandum
926 297 970 357 mi-

85 361 217 410 'serintesse
229 365 330 424 figuram
344 369 458 426 ettypum
472 381 552 412 corum
565 368 604 427 qui
620 366 650 412 ad
663 367 778 412 Christum
791 367 870 412 venire
884 366 968 411 nolint.

87 437 140 480 Tota
154 437 223 496 proin
236 437 375 494 significatio
389 438 446 481 haec
461 438 558 495 mystica
572 437 692 497 reponitur
703 439 729 500 in
742 439 868 498 voceforis
883 453 970 499 quaec

88 510 193 553 contextu
201 508 271 568 plane
282 508 396 565 avellitur,
403 508 439 553 'uti
449 523 542 569 quoque
552 508 585 563 fit,
596 509 614 553 si
624 509 649 553 S.
662 509 785 568 Grepcrim
796 510 858 567 dicit,
869 525 969 570 synago-

88 592 143 636 gam
155 593 202 625 sese
215 579 245 623 ad
259 580 386 629 custodiam
401 579 492 625 litterae
504 580 559 638 foris
572 579 654 625 fixisse.
669 579 711 625 Sed
725 580 749 625 id
765 580 827 640 quod
840 581 876 626 illi
889 582 969 626 uolunt
1037 619 1040 624 .

11 649 15 653 ’
87 644 160 695 hahes
169 664 300 710 expressum
309 651 334 696 in
344 651 399 711 ipsis
410 652 494 698 Christi
506 652 591 716 rerhis,
602 651 686 712 quihus
698 653 790 711 cognati
804 652 887 697 Christi
897 652 915 697 ii
927 652 970 696 soli

68 778 69 781 Ἰ
88 720 139 783 etii
151 736 230 768 omnes
245 726 404 781 agnoscuntur
416 724 457 783 qui
470 725 613 768 voluntatem
627 725 699 768 Patris
711 724 819 779 fecerint;
830 738 885 782 ergo
898 724 928 769 ab
942 738 969 768 ea

88 794 224 850 cognatione
238 785 333 839 <ariolum¹
343 794 446 839 cernitur
458 794 577 854 generatio
588 795 646 840 haec
658 795 719 840 mala
732 799 754 839 et
768 795 880 840 adultera.
891 798 969 853 ltaque

87 864 121 908 uti
128 864 230 910 Christus
239 865 264 909 in
275 865 393 925 discipulis
402 867 448 912 suis
457 867 511 912 etin
520 866 553 911 eis
563 866 603 926 qui
611 866 636 910 in
644 865 741 911 circuitu
752 866 863 911 sedebant
873 865 969 910 audien·
1004 863 1006 865 ’

87 937 122 980 tes
134 949 188 980 euin
200 936 268 996 eique
280 937 396 983 credentes
411 937 485 999 (Marc.
501 939 561 995 3,3l)
573 938 677 996 agnoseit
688 940 714 982 et'
723 937 846 998 profitetur
854 936 969 998 populum

88 1007 142 1056 olim
153 1008 251 1057 electum
260 1009 355 1054 minime
365 1010 455 1054 excludi
464 1025 477 1060 a
487 1024 560 1068 regno
570 1011 618 1064 Dei,
629 1010 662 1055 ita
672 1008 815 1069 sollemniter
825 1023 918 1068 quoque
929 1008 968 1052 de·
1033 1020 1036 1023 '

45 1079 49 1091 “’
88 1077 968 1140 claratetproclamatunioumtitulumquoquisregnoeiusquehonispotia·
1001 1122 1004 1128 Δ

13 1145 15 1149 ’
87 1152 125 1195 tur
135 1164 182 1195 esse
193 1151 332 1213 obs-equium
343 1152 390 1197 Dei.
402 1155 463 1203 Hanc
474 1150 536 1196 riam
547 1151 639 1196 unicam
650 1151 749 1196 ostendit
759 1151 904 1209 generationi
914 1152 968 1194 huic

81 1221 162 1266 'malae
179 1225 200 1266 ct
216 1222 347 1277 adulterae,
364 1237 434 1282 quam
450 1223 471 1269 si
487 1233 534 1268 non
554 1222 657 1280 ingressa
675 1223 752 1278 fuerit,
770 1223 826 1267 frent
845 1221 968 1267 novissima
1040 1278 1041 1282 Ἰ

86 1292 166 1352 peiora
178 1292 301 1352 prioribus.
312 1294 375 1338 Nihil
386 1289 440 1339 vero
452 1294 567 1339 indicatur
577 1294 630 1338 duri
639 1294 664 1338 in
674 1296 794 1356 cogentem
805 1308 862 1352 opus
874 1288 967 1337 messia-
1019 1336 1020 1342 ,

87 1363 144 1408 uum
153 1378 202 1408 non
212 1378 259 1409 esse
266 1365 496 1424 'interrumpendum
507 1362 556 1409 esse
567 1365 730 1421 cognationem
740 1363 826 1408 carnali
836 1363 948 1407 altiorem.

113 1500 174 1542 Libet
184 1501 311 1542 concludere
325 1493 367 1542 hoc
379 1503 443 1554 caput
454 1505 519 1554 prout
529 1501 636 1542 conclusit
647 1500 693 1541 Alb.
705 1513 711 1540 :
723 1517 733 1538 c
747 1501 824 1553 collige
836 1501 901 1553 igitur
915 1512 968 1552 quae

59 1573 61 1578 '
88 1566 145 1607 dicta
155 1569 204 1618 sunt
214 1568 237 1606 in
248 1567 292 1607 hoc
303 1564 395 1622 capitulo
406 1569 428 1607 et
437 1566 521 1608 videbis
532 1579 600 1620 repam
612 1567 719 1607 Christum
734 1577 756 1607 se
769 1557 881 1606 dominum
895 1566 966 1605 dicere

87 1631 213 1683 principalis
222 1631 277 1684 signi
289 1633 345 1683 quod
357 1634 389 1672 est
399 1632 519 1682 sabbatum,
532 1634 553 1672 et
564 1632 675 1672 dominum
683 1631 761 1688 templi
771 1633 792 1671 et
802 1641 933 1685 praeponere
944 1642 966 1670 se
983 1636 997 1673 j

86 1696 211 1749 prophetiae
222 1699 243 1738 et
252 1697 304 1749 regi,
316 1699 337 1737 et
347 1697 377 1737 sic
387 1698 527 1738 cessationem
536 1697 635 1737 inducere
644 1689 723 1736 'veteris
734 1696 787 1747 legis
799 1695 869 1747 quoad
878 1695 936 1747 signa
946 1697 968 1734 et

87 1763 174 1811 cultum,
187 1761 320 1815 prophetiam
334 1764 355 1802 et
366 1762 448 1815 regiam
462 1763 585 1803 unctionem
598 1773 636 1814 per
644 1773 700 1801 nova
709 1761 789 1813 gratiae
801 1760 900 1800 mandata
911 1771 966 1811 quac
1038 1813 1040 1815 .

86 1827 177 1876 inducit,
190 1830 211 1868 et
223 1828 297 1867 omnia
309 1828 401 1868 carnalia
412 1839 468 1881 ,quae
480 1827 514 1868 len
527 1826 673 1879 praecipiebat
682 1825 709 1866 ad
720 1824 841 1878 spiritualia
850 1835 896 1865 esse
908 1823 967 1864 ordi-

87 1894 135 1932 nata
146 1908 164 1931 r.
173 1892 232 1933 Adde
242 1892 320 1945 exponi
329 1893 365 1944 qui
374 1893 489 1946 sintregno
497 1891 537 1932 Dei
544 1891 612 1943 inepti
621 1893 641 1932 ct
650 1902 723 1943 quare,
733 1890 786 1931 adde
794 1890 883 1930 indicari
892 1889 967 1930 odium

86 1956 221 2010 implacabile
230 1957 399 2009 pharisaeorum,
411 1958 488 2012 Christi
498 1959 590 1998 mortem
601 1959 622 1997 et
635 1957 822 2005 resurrectionem,
832 1955 907 2008 populi
919 1954 967 1996 infi-

84 2025 138 2066 delis
153 2025 238 2066 ruinam
252 2027 369 2066 extremam
385 2030 406 2066 et
415 2018 528 2079 vneminem
542 2035 605 2075 posse
619 2027 665 2064 Deo
676 2025 761 2076 placere
773 2025 815 2064 nisi
829 2026 870 2066 fide
883 2029 904 2065 et
919 2026 970 2064 ohe·
1035 2077 1036 2080 Ἰ

84 2091 170 2130 dientia.

233 2197 251 2232 4.
265 2196 314 2239 Qum
326 2198 351 2232 stt
361 2196 413 2242 repet
423 2196 507 2233 macriani
518 2200 586 2233 cratere
598 2201 614 2232 et
627 2195 711 2242 efficacia.
727 2196 771 2242 Cap.
787 2197 816 2231 13.

114 2295 214 2340 Christus
222 2299 340 2356 tamquam
348 2297 415 2354 regni
424 2296 536 2353 fundator
543 2296 656 2355 apostolos
666 2296 713 2340 eius
722 2295 788 2353 regni
795 2295 913 2355 principes
922 2295 965 2339 ele-

84 2368 120 2425 git
131 2370 154 2412 et
166 2366 260 2413 edocuit
270 2368 329 2427 (cap.
343 2367 388 2427 10),
401 2368 441 2426 qui
452 2371 525 2412 essent
535 2367 609 2427 inepti
622 2381 702 2424 regno,
714 2367 754 2430 qui
767 2381 821 2411 vero
834 2366 882 2427 apti
895 2381 964 2425 expo-

84 2440 128 2485 suit
138 2438 198 2498 (cap.
211 2438 306 2499 titt).
318 2442 364 2483 lam
377 2440 475 2498 quaesit
486 2439 553 2497 regni
564 2439 633 2484 huius
644 2442 734 2494 natura,
746 2438 841 2492 indoles,
854 2437 963 2493 efficacia,

83 2510 155 2555 virtus
162 2510 279 2570 parabolis
287 2510 402 2570 explicare
410 2511 546 2569 aggreditur
556 2509 707 2569 evangelista.
716 2512 772 2555 Sunt
780 2523 820 2554 eae
827 2511 915 2570 septem
923 2523 967 2552 nu-

84 2586 156 2634 mero,
169 2595 225 2639 quas
238 2580 328 2625 diverso
339 2584 466 2641 temporeo
478 2582 564 2645 Christo
576 2581 649 2626 dictas
660 2580 802 2639 evangelista
812 2580 837 2625 in
847 2595 919 2625 unum
932 2580 967 2623 lc-

85 2665 136 2698 cum
150 2651 179 2695 ad
192 2652 258 2708 regni
273 2651 376 2696 indolem
389 2643 548 2698 illustrandam
564 2653 684 2711 congcssit.
699 2655 726 2696 m
739 2652 816 2711 prima
831 2650 924 2710 quidem
938 2650 967 2694 de

84 2722 209 2768 seminante
219 2723 285 2766 docet
295 2737 394 2780 regnum
404 2724 498 2768 fundari
508 2723 678 2784 praedicatione
685 2738 747 2781 quae
758 2725 836 2766 tamen
846 2735 889 2780 pro
901 2720 965 2765 vario

85 2794 215 2838 animorum
231 2793 313 2837 habitu
328 2808 396 2853 saepe
412 2794 488 2839 fructu
505 2794 600 2848 carebit,
615 2793 670 2838 alias
685 2792 839 2851 multiplicem
855 2792 967 2837 virtutum

42 2895 43 2900 ,
85 2867 193 2922 ornatum
202 2865 293 2910 efficiet.
302 2864 378 2909 Altera
387 2865 416 2909 dc
425 2864 518 2910 zizaniis
527 2865 594 2909 dccet
604 2864 672 2909 etiam
681 2863 709 2908 iis
718 2863 758 2923 qni
766 2878 865 2921 regnum
873 2863 921 2909 iam
930 2862 967 2908 in·

81 2939 151 2998 gressi
164 2942 216 2982 sunt
226 2940 311 2984 instare
325 2936 478 2998 perversionis
494 2929 626 2995 perieulum,
636 2939 704 2994 atque
718 2935 808 2995 inipso
821 2951 895 2995 regno
908 2935 969 2980 hisee

81 3011 185 3056 interris
199 3009 306 3053 exsistere
317 3010 388 3070 bonos
402 3010 423 3052 et
436 3006 516 3068 malos.
529 3005 603 3050 Tertia
618 3006 646 3050 de
660 3020 734 3063 grano
748 3007 836 3067 sinapis
848 3007 969 3052 aclumhrat

81 3081 189 3140 regnier
203 3080 278 3139 parvis
292 3079 364 3124 initiis
379 3082 456 3125 ortum
468 3082 491 3123 et
508 3077 556 3123 eius
570 3077 596 3121 in
609 3077 689 3123 orhem
704 3079 838 3124 uuiversum
854 3092 967 3139 propaga-

49 3192 50 3195 ,
81 3154 176 3199 tionem.
188 3152 271 3203 Quarta
286 3150 314 3193 de
329 3151 441 3196 fermento
455 3151 597 3203 demonstrat
610 3151 732 3209 quentari
746 3153 767 3194 et
780 3149 881 3194 efficacia
891 3162 969 3192 omnes
