2239 3511
78 184 79 187 Ἴ
135 201 174 240 600
273 204 274 207 ’
340 236 342 239 ,
431 197 669 248 6666616663,

101 293 104 306 '
131 296 264 353 perfundat!
278 300 359 341 Verum
376 296 443 340 simul
458 296 610 339 admonemur
617 294 680 358 ,nihil
692 309 737 338 666
750 294 891 346 faciendum,
905 296 931 336 ut
945 291 1004 336 illud

132 366 283 423 obtineamus,
297 368 384 411 etiamsi
394 366 471 410 onmia
480 366 542 414 bona
555 365 687 421 vendenda,
700 366 777 410 omnia
786 363 902 424 perdenda
912 366 934 407 et
948 377 1002 420 gra<-

100 444 102 448 ’
132 438 223 481 vissima
238 453 342 498 quaeque
357 438 475 482 subeunda
490 438 541 481 sint.
559 439 656 481 Docetur
668 438 745 496 itaque
760 438 803 480 hac
818 435 930 495 parabola
940 434 1003 477 idem

132 508 193 567 quod
209 509 306 554 habetur
326 514 392 565 mat
410 509 489 569 (Satur.
508 507 591 568 llell.)
608 512 630 552 et
645 508 760 552 neminem
776 522 840 567 posse
857 521 903 551 esse
919 505 1003 549 Christi

132 579 268 639 discipulum
283 582 327 624 nisi
342 574 434 640 paratus
449 581 477 624 sit
494 580 628 624 renuntiare
645 580 751 624 omnibus
768 582 790 623 et
803 593 880 623 rerum
898 576 1002 621 omnium

130 651 332 709 potiusiacturani
345 652 419 696 facere
435 667 480 711 quo
493 653 561 708 regni
574 652 613 694 Dei
624 652 665 696 tiat
677 653 799 711 particeps.
820 650 862 694 Sed
877 649 902 693 16
914 647 1001 707 pecudia

131 722 198 766 simul
208 723 349 780 significatur
359 725 457 781 gratiam
469 724 508 767 Dei
519 727 568 767 tem
577 726 683 782 potenter
694 721 781 767 homini
791 723 892 766 assistere
903 733 1001 778 eumque

130 793 170 836 tali
179 795 315 852 pertundere
326 783 478 840 consolatione
489 798 511 838 et
521 795 656 838 tortitudine
664 795 746 848 animi,
757 798 783 838 ut
792 809 843 837 cum
853 792 1000 837 exsultatione

132 865 209 909 onmia
220 866 343 910 arbitretur
354 870 453 910 stercore
468 866 497 909 ad
512 865 626 919 Christum
639 865 783 909 lucrandum.
796 865 888 908 Lucrari
902 863 962 907 enim
977 876 999 905 se
1035 901 1037 903 ,

132 936 172 977 scit
181 937 315 990 maximum,
326 941 444 981 aeternum
457 952 499 995 pro
509 950 534 979 re
547 936 588 979 vili
597 939 619 979 et
631 935 781 995 temporatim
792 935 886 995 proinde
896 949 941 978 uon
952 930 999 976 csse

130 1005 242 1050 iacturam
250 1007 287 1051 secl
295 1008 473 1065 negotiationem
484 1008 588 1052 omnium
597 1007 750 1051 felicissimam
761 1009 782 1050 et
794 1004 996 1065 opulentissimam.

160 1077 195 1120 Uti
204 1077 227 1120 in
240 1078 346 1122 thesauro
358 1078 483 1138 amplitudo
500 1082 523 1122 et
537 1079 602 1137 copia
615 1078 727 1121 bonorum
741 1078 890 1135 ingentesque
905 1076 998 1120 divitiae

130 1148 296 1205 significantur,
310 1150 341 1193 ita
354 1151 379 1193 16
391 1151 518 1207 margarita
532 1164 568 1193 res
586 1149 683 1192 maxime
698 1150 796 1208 pretiosa
812 1153 833 1192 et
846 1155 932 1192 summe
945 1147 998 1206 pul-

130 1220 196 1273 clira3
212 1235 232 1263 r.
249 1224 276 1265 tt
292 1220 373 1264 iterum
387 1222 459 1265 sr'rru'le
476 1230 510 1265 est
520 1236 618 1280 reprcunt
633 1221 747 1265 coelorum
762 1220 848 1264 tollunt
862 1218 999 1278 negotiatori

131 1291 248 1348 quaerenti
256 1291 323 1336 bonor
333 1293 482 1351 6166666666
491 1293 531 1336 hic
541 1292 655 1347 studium7
669 1306 734 1347 eura,
746 1290 872 1335 sollicitudo
882 1289 997 1347 significa-

130 1365 167 1404 tur
178 1377 235 1421 quae
252 1364 350 1406 exerceri
366 1363 443 1418 debet,
456 1369 481 1407 ot
497 1364 549 1422 quis
560 1363 631 1407 faciat
647 1363 708 1421 rpuod
720 1363 745 1406 in
762 1378 785 1407 56
799 1365 839 1417 est,
852 1366 878 1405 ut
889 1362 996 1405 virtutem

131 1436 222 1490 appetat
234 1436 255 1476 et
269 1434 372 1478 omnibus
387 1437 463 1478 utatur
479 1434 587 1479 subsidiis
602 1448 661 1492 (puae
672 1434 715 1477 sibi
726 1437 815 1492 praesto
827 1434 870 1477 sint
884 1433 912 1475 ad
925 1446 997 1490 quae-

129 1502 224 1546 rendam
240 1505 368 1559 veritatem,
386 1509 411 1549 ut
428 1520 482 1559 uero
498 1505 585 1548 feratur
599 1508 620 1548 et
635 1504 722 1547 efficaci
741 1503 852 1547 desiderio
868 1502 996 1559 attingendi

129 1588 206 1617 verum
218 1579 239 1618 et
250 1575 343 1619 bonum.
359 1579 449 1635 Oportet
460 1577 523 1620 enim
534 1590 575 1619 nos
585 1590 642 1629 esse,
655 1579 680 1618 ut
691 1577 744 1619 Bor.
758 1574 821 1627 dicit⁷
831 1575 993 1632 negotiatores,

128 1659 173 1688 666
186 1645 302 1701 otiatores;
319 1648 412 1705 egregia
425 1650 501 1691 autem
517 1648 643 1704 negotiatio
653 1650 685 1689 est
701 1647 802 1705 peritura
815 1650 836 1709 et
851 1645 916 1689 brevi
928 1646 995 1706 amit7

128 1716 196 1759 tenda
207 1716 267 1760 bona
282 1732 333 1761 eum
348 1719 444 1762 aeternis
459 1722 481 1762 et
492 1732 614 1777 nunquam
630 1717 760 1761 amittendis
770 1721 917 1762 commutare.
935 1718 996 1761 Sicut

129 1801 201 1829 unum
211 1787 283 1831 solum
298 1788 379 1832 exsistit
392 1804 489 1846 regnum
502 1789 651 1842 messianum
663 1790 695 1832 ita
708 1789 732 1831 in
742 1789 851 1847 parabola
863 1803 908 1831 666
923 1789 996 1832 solum

129 1855 255 1916 nrorpurilo
270 1860 369 1918 pretioso
385 1862 528 1920 supponitur,
547 1875 593 1919 qaia
608 1860 702 1903 inventa
718 1860 757 1902 ille
775 1860 850 1902 onmia
865 1858 952 1913 rendit,
971 1863 997 1903 ut
1039 1906 1041 1911 ,

131 1942 179 1971 eam
190 1933 260 1982 emat·
269 1931 361 1975 callidus
372 1935 446 1975 autem
457 1931 586 1988 negotiator
596 1933 628 1987 est
637 1930 678 1988 qui
687 1945 714 1973 ex
724 1931 759 1974 his
769 1945 827 1988 quae
835 1929 874 1973 diu
881 1931 996 1989 possidere

130 2000 219 2057 nequit,
236 2001 279 2044 tale
291 1993 381 2061 'aliquid
397 2004 451 2046 emit
467 2002 531 2061 quod
544 2015 663 2060 nuriquam
677 2001 780 2044 amittere
791 2001 870 2044 timeat
882 2004 904 2044 et
913 2003 937 2045 in
950 2017 996 2060 quo

103 2131 106 2137 Ι
131 2069 235 2114 universa
246 2072 357 2130 possideat
366 2073 398 2132 (S.
409 2074 466 2133 aa).
479 2074 557 2117 Merito
567 2076 631 2116 notat
639 2073 663 2117 S.
681 2072 757 2131 Chrys.
772 2072 796 2115 16
806 2073 929 2129 margarita
938 2089 997 2132 quo-

131 2155 174 2198 que
191 2142 317 2198 significari
332 2145 430 2202 pretium
448 2145 514 2201 regni
530 2144 637 2187 messiani
652 2158 677 2186 ae
694 2143 828 2200 dignitatern
844 2144 997 2203 virtutemque

130 2225 177 2254 666
187 2212 215 2255 ab
229 2215 334 2258 oinuibus
344 2216 446 2272 agnosci3
459 2234 469 2256 ‹<
486 2216 544 2259 sieut
553 2216 572 2257 is
584 2216 624 2273 qui
638 2215 787 2271 margaritam
797 2214 866 2257 habet
876 2215 938 2258 novit
948 2216 997 2274 ipse

131 2297 153 2325 se
163 2283 255 2327 divitem
266 2299 321 2340 6556,
334 2300 399 2345 saepe
408 2290 484 2330 autern
494 2285 621 2329 licetillam
632 2300 702 2329 uranu
710 2288 786 2329 teneat
794 2285 818 2328 id
828 2285 878 2329 aliis
888 2289 920 2329 est
931 2286 997 2343 igno-

131 2356 179 2397 tum
190 2358 333 2413 nequeenim
347 2357 405 2400 mole
422 2358 522 2416 eorporis
534 2356 630 2414 insignis
647 2359 689 2411 est,
702 2357 734 2400 516
748 2360 772 2404 et,
782 2357 807 2399 16
818 2356 996 2415 praedieatione,

132 2424 171 2482 qui
185 2425 249 2469 illan]
261 2431 338 2485 teuent
350 2443 372 2471 se
390 2428 469 2473 divites
482 2443 529 2472 esse
540 2432 639 2480 666661,
654 2427 767 2470 increduli
780 2430 855 2470 autem
865 2429 999 2471 thesaurum

132 2495 261 2553 huiusmodi
269 2499 398 2554 ignorantes
406 2502 492 2543 nostras
502 2500 558 2542 item
568 2498 659 2541 divitias
669 2498 791 2541 nesciunt»
804 2498 862 2555 (sini.
879 2499 963 2557 Tboopl
972 2498 995 2557 )

132 2567 205 2609 Etiam
217 2569 311 2626 repetito
320 2568 447 2613 inculcatur
457 2573 544 2628 quatita
556 2570 627 2613 animi
637 2568 771 2614 fortitudine
782 2584 807 2612 uc
817 2570 998 2629 promptitudine

132 2652 210 2682 omnes
221 2653 266 2682 6556
277 2643 377 2699 oporteat
387 2642 404 2684 si
414 2642 480 2699 regni
490 2641 598 2685 messiani
608 2641 666 2684 cives
680 2643 701 2684 et
713 2639 806 2684 heredes
815 2640 864 2692 fieri
874 2645 895 2685 et
906 2630 998 2685 manere

132 2710 214 2764 velint3
229 2712 304 2754 onmia
319 2712 378 2755 enim
394 2712 509 2757 terrestria
526 2716 547 2756 et
561 2713 630 2755 vitani
647 2713 719 2771 ipsam
733 2711 871 2770 profundere
888 2727 942 2770 opus
956 2716 996 2755 est.

133 2780 176 2823 Sed
191 2782 229 2839 qui
242 2797 294 2825 vere
309 2786 456 2840 margaritam
472 2784 536 2827 illam
553 2784 676 2842 pretiosam
690 2783 792 2839 agnovit,
808 2786 888 2826 cuneta
901 2783 999 2826 libenter

132 2850 208 2908 prodit
219 2856 240 2894 et
251 2853 336 2907 abiicit,
352 2872 362 2894 c
377 2855 430 2912 quia
443 2856 481 2914 qui
498 2855 600 2899 coelestis
614 2854 673 2898 ritae
688 2853 841 2906 dulcedinem,
854 2854 997 2911 inquantum

131 2921 268 2980 possibilitas
277 2924 384 2978 admittit,
397 2927 496 2985 pertecte
507 2927 649 2982 cognoverit,
663 2939 754 2982 eaquae
763 2927 786 2967 in
797 2924 860 2966 terris
871 2930 996 2979 attraxerat,

131 2993 231 3037 libenter
243 2998 323 3036 666616
339 2995 485 3056 derelinquit3
501 2997 526 3040 16
539 2997 710 3055 comparatione
726 2995 772 3038 6165
789 2993 896 3039 vilescunt
909 2997 997 3050 omnia,

132 3064 312 3114 (1656611116111161
325 3065 444 3110 inardescit
453 3069 477 3110 16
488 3067 622 3111 coelestibus
633 3067 734 3118 animus,
746 3064 778 3108 nil
791 3066 814 3108 iu
825 3068 918 3111 terrenis
930 3068 997 3121 libet,

132 3134 231 3179 deforme
244 3136 383 3195 conspicitur
397 3138 508 3196 quidquid
525 3138 553 3181 cle
566 3141 671 3181 terrenae
686 3135 719 3178 rei
732 3135 835 3195 placebat
845 3138 929 3197 speeie,
944 3139 997 3198 quia
1057 3134 1059 3139 ’
