2211 3575
436 238 598 286 tranasse.
743 239 745 241 ’
823 262 826 268 .
876 295 878 298 v
924 237 962 278 aaa
1044 221 1046 228 ’

77 337 134 396 itav.
146 349 165 389 g.
177 336 228 377 licit
237 349 258 389 p.
272 337 317 386 ior,
329 337 416 392 neaera,
431 340 523 392 Wez'ssp.
534 341 583 389 1553
593 339 645 380 Stia·
656 339 731 380 saltem
742 338 837 392 agnoscit
848 337 960 378 consilium

78 402 154 442 Ghristi
168 402 230 443 valde
241 414 320 454 urgens
330 416 356 444 ne
369 405 464 446 solvatur
473 405 643 454 matrimonium
655 403 730 457 Atford
741 416 792 445 vero
805 405 897 456 ingenue
908 403 960 443 fate-

77 472 113 507 tur
123 468 279 520 significatione
288 466 403 510 verberum
412 470 490 510 Christi
500 470 586 509 litterali
595 469 687 510 alterum
695 469 854 510 matrimonium
864 481 906 509 non
913 480 960 521 per-

78 532 134 572 mitti
143 545 171 572 ne
185 533 289 574 adulterio
303 534 390 587 quidem
405 534 519 575 commisso
530 534 564 588 (cf.
581 534 621 574 Fit.
633 531 714 587 p.'3l3)
732 536 753 574 et
768 527 860 573 Tttersch
873 544 959 586 quoque

78 599 190 649 profitetur
200 599 362 641 matrimonium
373 599 426 640 solxi
437 611 479 639 non
488 610 550 652 posse
559 602 580 641 et
589 600 675 640 attentis
686 599 738 640 locis
751 599 812 639 Marc.
824 600 891 647 tait.
904 600 928 638 lh
939 600 961 638 et

79 664 129 703 Luc.
142 664 203 711 idid
215 667 236 704 et
249 667 310 705 Rom.
325 665 381 711 l,t'-3
392 667 412 704 et
423 667 433 705 l
449 665 495 705 Gor.
512 664 566 713 hid.
578 666 611 704 lt.
622 666 649 705 39
662 665 733 704 omnia
746 664 857 706 ratiocinia
870 666 891 703 et
901 662 959 703 desi-

64 784 65 790 *
80 727 139 768 deria
149 731 170 769 et
180 730 270 770 artificia
278 730 391 770 hominum
402 729 478 782 quibus
488 730 569 770 solvere
578 730 645 770 velint
656 730 817 770 matrimonium
828 728 929 769 confundi
940 730 961 768 et

62 790 64 796 '
80 792 161 850 destrui
172 793 206 848 (ct.
217 794 294 848 Schopp
303 807 324 847 p.
335 793 383 848 205]
391 792 406 843 ⁴,
416 797 438 840 et
446 796 492 836 Kett
501 795 553 836 haec
563 795 648 836 scribit:
658 795 757 847 quamdiu
765 794 801 837 uir
810 794 862 834 vivit
871 794 906 846 qui
917 805 962 833 mu·
1027 839 1029 842 .

75 855 151 895 lierem
161 859 249 907 propior
263 856 429 897 fornicationem
445 856 591 907 dimisit,.non
603 856 672 896 solum
682 855 768 904 mulier,
784 856 820 896 sed
831 856 864 896 vir
876 856 972 908 quoque

75 931 148 976 coram
154 921 198 960 Deo
206 932 255 960 reus
264 921 409 971 estadulterii‚
419 923 437 962 si
444 922 536 963 alterum
542 921 704 962 matrimonium
710 921 786 962 ineunt
793 920 842 975 (sim
849 921 957 976 Halunti
1009 930 1011 933 ·

102 982 132 1021 Be
143 982 189 1023 aliis
202 984 379 1036 explicationibus
389 986 441 1026 haec
451 986 637 1026 commemoranda
647 986 746 1026 videntur
757 998 761 1025 :
773 996 818 1025 esse
828 983 912 1037 πορνείαν
923 984 955 1023 in-

76 1046 214 1098 telligendam
225 1049 251 1089 de
261 1050 399 1089 fornicatione
411 1062 474 1101 quain
483 1051 562 1089 femina
572 1049 681 1090 admiserit
692 1052 739 1089 ante
749 1050 916 1096 matrimonium
927 1049 956 1088 ita

77 1114 101 1151 ut
111 1124 190 1164 sponsa
200 1114 243 1153 iarn
255 1126 299 1153 non
308 1114 372 1154 luerit
383 1115 453 1166 virgo,
466 1115 502 1166 qui
512 1115 639 1167 virginitatis
653 1115 747 1154 defectus
757 1127 770 1154 a
779 1115 823 1154 viro
837 1115 957 1155 inveniatur
1024 1128 1026 1131 ·

78 1180 126 1229 post
137 1181 269 1218 contractum
281 1179 472 1228 matrimonialem;
484 1179 527 1219 iam
535 1191 585 1219 vero
595 1180 659 1219 talem
672 1179 778 1219 delectum
789 1191 800 1219 a
810 1180 890 1219 femina
900 1179 955 1218 irau-
985 1183 987 1185 '

79 1241 166 1282 dulento
183 1242 267 1291 silentio
284 1245 364 1284 tectum
381 1244 433 1283 tanti
447 1244 512 1284 tuisse
527 1244 583 1296 apud
598 1245 688 1285 ludaeos
704 1244 818 1294 momenti,
835 1246 897 1284 uteo
911 1244 958 1295 ipso

79 1308 239 1353 matrimonium
255 1321 299 1349 non
315 1309 435 1360 exsisteret;
455 1321 521 1361 quare
538 1310 645 1350 Christum
660 1310 729 1350 solum
746 1300 792 1350 tum
810 1309 958 1349 dimissionem

79 1372 125 1412 [ieri
138 1385 201 1425 posse
217 1375 299 1414 docere.
315 1375 346 1415 lta
360 1374 487 1429 Doetttnper,
500 1375 658 1416 Christenthum
671 1375 715 1416 und
727 1374 804 1415 ltirche
818 1387 839 1427 p.
857 1375 894 1415 391
913 1385 957 1425 seq.

63 1476 66 1483 ,
78 1438 118 1477 458
128 1450 172 1490 seq.
185 1439 222 1490 qui
231 1440 347 1492 praecipue
358 1443 418 1493 urget
427 1441 509 1493 πορνείαν
519 1452 562 1480 non
572 1452 634 1493 posse
645 1441 763 1492 significare
774 1440 909 1490 adulterium,
922 1438 959 1479 sed

80 1503 147 1553 solum
159 1504 317 1556 impudicitiam
331 1503 388 1546 extra
400 1506 570 1547 matrimonium
579 1506 601 1546 ld
612 1506 689 1547 falsum
697 1518 749 1547 -esse
763 1518 826 1557 supra
836 1506 880 1545 iam
890 1508 959 1545 osten·

80 1579 127 1608 sum
137 1572 169 1609 est
176 1572 197 1609 et
208 1581 232 1610 eo
243 1582 327 1622 quoque
338 1571 444 1624 colligitur
454 1572 510 1624 quod
520 1571 641 1616 idololatria
649 1570 723 1624 populi
733 1571 805 1623 πορνεία
814 1574 911 1620 vocatur3
922 1581 959 1622 po-

80 1633 141 1684 pulus
150 1635 208 1675 enim
218 1635 348 1676 considerari
359 1637 413 1677 solet
421 1639 530 1689 tamquam
541 1648 618 1689 sponsa
627 1636 718 1677 Domini.
728 1636 794 1681 Porro
804 1638 849 1676 toto
860 1638 958 1676 contextu

81 1699 201 1740 ostenditur
215 1702 249 1753 agi
262 1702 288 1742 de
305 1713 329 1742 ea
343 1714 397 1754 quae
411 1714 460 1743 vere
477 1702 505 1741 sit
520 1714 584 1751 uxor3
597 1702 715 1748 secundum
731 1713 778 1741 earn
795 1701 958 1753 explicationem

81 1764 175 1805 Christus
186 1768 289 1807 statueret
298 1767 479 1819 impedimentum
489 1763 649 1807 matrimonium
660 1767 771 1814 dirimens,
782 1766 846 1817 idque
857 1767 960 1805 statueret

80 1840 118 1880 pro
129 1830 174 1870 suis
185 1829 249 1883 (satana
260 1832 316 1872 enim
332 1832 400 1883 legem
410 1831 551 1886 promulgat);
563 1833 600 1872 sed
610 1832 652 1872 tale
663 1831 844 1884 impedimentum
855 1843 866 1871 a
877 1830 959 1871 Christo
984 1845 987 1850 ·
1052 1836 1053 1840 ’

81 1896 182 1935 statutum
194 1897 289 1937 Ecclesia
300 1909 342 1937 non
352 1897 455 1950 agnoscit,
467 1897 508 1938 Alii
523 1897 629 1949 explicant
640 1895 723 1949 πορνείαν
733 1896 760 1936 de
771 1895 920 1936 coniunctione
931 1895 961 1934 in-

81 1963 184 2009 cestuosa,
194 1962 219 2001 de
227 1963 365 2015 matrimonio
375 1965 477 2003 attentato
487 1974 535 2003 cum
544 1962 700 2014 impedimento
709 1963 782 2009 natura
792 1973 830 2001 sua
838 1960 958 2007 dirimente,

82 2024 107 2065 de
118 2026 197 2066 unione
207 2038 265 2067 mere
276 2027 389 2068 fornicaria
400 2027 499 2082 (Potrici,
510 2020 536 2068 de
547 2028 657 2079 interpret.
669 2027 745 2079 Script.
757 2028 765 2067 I
775 2039 796 2066 n.
808 2027 858 2074 281⁴,
870 2024 959 2078 Adertel;

82 2090 112 2130 ita
121 2091 290 2143 igiturehristus
299 2096 359 2133 acute
368 2092 447 2133 dictum
457 2093 580 2134 adhiberet:
589 2092 750 2133 matrimonium
761 2104 803 2132 non
813 2092 909 2140 solvitur,
918 2090 962 2131 nisi
1014 2113 1016 2121 ν

83 2156 166 2207 quando
177 2158 223 2209 ipsa
236 2153 358 2199 coniunctio
371 2171 414 2199 non
428 2162 460 2199 est
474 2159 645 2207 matrimonium,
657 2158 695 2198 sed
709 2158 862 2198 concubinatus
873 2159 894 2196 et
904 2153 962 2196 mera

82 2221 202 2262 fornicatio.
214 2225 292 2264 Verum
306 2224 341 2263 hio
355 2236 438 2275 quoque
452 2224 516 2271 valet,
529 2223 585 2274 quod
599 2224 641 2263 iam
651 2223 758 2263 monitum
769 2225 810 2271 est,
824 2222 846 2261 in
856 2225 900 2261 toto
911 2233 961 2260 con-

83 2288 139 2326 textu
150 2299 195 2327 esse
207 2300 327 2329 sermonem
342 2290 368 2328 de
381 2300 404 2328 re
418 2288 569 2328 matrimoniali
581 2290 602 2327 et
614 2287 640 2328 de
653 2299 703 2327 vera
713 2298 783 2340 uxore.
797 2287 893 2327 Declarat
904 2286 961 2326 enim

84 2351 178 2393 Christus
192 2365 253 2393 suam
268 2353 396 2393 sententiam
409 2354 431 2393 in
447 2353 581 2405 oppositione
594 2352 621 2392 ad
634 2352 731 2392 libellum
743 2352 838 2404 repudii,
853 2363 896 2404 quo
906 2364 963 2391 asor

48 2457 51 2466 ‚
84 2417 135 2456 olim
144 2418 300 2468 dimittebatur;
309 2418 399 2470 proinde
409 2418 502 2459 declarat
510 2430 554 2458 non
563 2418 628 2458 licere
639 2417 739 2471 deinceps
749 2417 806 2469 quod
814 2417 866 2458 olim
875 2417 963 2469 permis-

84 2494 130 2523 sum
146 2487 191 2528 erat
206 2484 319 2536 repudiare
334 2484 480 2525 romanoram
495 2478 631 2536 uxorem‘(cf.
649 2485 733 2523 Perrouc
746 2483 761 2523 l.
777 2496 793 2523 c.
809 2496 830 2535 p.
846 2483 891 2523 t88.
904 2481 961 2535 torp

84 2548 142 2588 idem
151 2550 221 2590 verbis
234 2551 358 2591 indicatur:
370 2555 404 2595 πᾶς
416 2552 425 2587 ὁ
436 2549 518 2589 ἀπολύων
528 2548 560 2597 τὴν
573 2539 649 2600 γυναῖκα
662 2551 725 2599 αὐτοῦς
736 2561 760 2589 ea
773 2551 845 2588 autem
854 2559 905 2588 voce
915 2559 964 2606 uera
976 2583 977 2586 ,

84 2626 136 2654 uxor
146 2614 276 2667 designatur,
288 2616 415 2667 praesertim
426 2616 444 2655 si
454 2616 529 2663 verba,
541 2614 572 2655 uti
583 2617 677 2667 oportet,
688 2614 787 2654 retuleris
798 2614 824 2654 ad
835 2616 895 2653 Deut.
907 2614 963 2661 hat,

85 2692 126 2731 uuo
136 2680 182 2721 loco
193 2680 325 2733 permittitur
335 2680 381 2721 dari
391 2681 488 2722 libellum
498 2680 582 2733 repudii
590 2680 650 2720 uxori
661 2682 681 2719 et
691 2679 744 2719 nihil
754 2672 874 2719 continetur
881 2677 907 2718 de
916 2689 964 2717 con-

86 2746 168 2786 cubina.
180 2747 203 2786 In
212 2758 236 2786 ea
246 2745 385 2798 explicatione
395 2746 438 2786 iarn
448 2758 490 2786 non
497 2747 571 2798 posset
581 2745 642 2786 subdi
652 2744 674 2783 in
684 2744 805 2784 universum
816 2745 851 2797 qut
860 2741 966 2783 dimissam

88 2810 284 2853 itaaeraadatrerat.
379 2800 386 2810 ’

105 2877 179 2928 'Aliter
188 2878 276 2930 saepe,-
287 2877 364 2918 Christi
373 2878 436 2918 verba
447 2889 492 2918 esse
503 2875 655 2924 consideranda
665 2876 783 2916 secundum
793 2876 863 2928 legem
872 2878 966 2916 veterem

87 2954 128 2994 qua
141 2931 270 2982 adulterium
286 2946 354 2983 morte
372 2943 517 2996 plectebatur,
532 2941 622 2995 proinde
639 2951 726 2982 sensum
743 2953 789 2981 esse
805 2942 965 2982 niatrimonium

108 3090 122 3119 1.
134 3085 197 3120 Scribit
208 3085 277 3118 llorrset
287 3094 304 3126 p.
317 3089 345 3119 102
358 3098 361 3119 ε
373 3099 381 3116 α
392 3087 422 3119 the
432 3087 500 3120 Ghurch
508 3086 526 3119 ol
532 3084 609 3127 ungland
619 3084 650 3118 has
659 3094 711 3119 never
719 3084 861 3126 autlioritatively
870 3083 968 3117 sanctioncd
980 3083 982 3086 '

86 3149 117 3180 any
130 3140 178 3173 other
188 3138 286 3181 separation
298 3139 339 3171 than
350 3140 388 3173 that
398 3150 408 3173 a
420 3150 478 3174 mensa
488 3143 505 3173 et
518 3142 565 3181 toro;
575 3138 609 3178 and
620 3139 655 3172 this
664 3139 707 3172 with
720 3148 742 3172 an
755 3147 825 3181 express
835 3137 940 3180 prohibition
951 3134 970 3169 cf

86 3194 197 3235 re-marriage
208 3192 272 3235 (Canon
282 3191 318 3234 107)
330 3205 344 3225 ν.
354 3192 387 3226 Sed
395 3194 456 3236 agendi
465 3193 535 3227 moduni
546 3202 582 3227 esse
590 3192 640 3236 plano
650 3193 736 3227 diversum
746 3201 804 3225 omnes
815 3194 884 3225 norunt.
