2239 3511
131 166 168 205 lca
201 167 205 175 '⁴
368 188 369 191 ¹
478 182 553 210 uixrru.
571 172 589 219 l,
606 141 677 211 18-19.

29 273 31 279 ’
81 304 83 308 .
132 270 181 331 ipse
192 276 224 316 est
241 272 310 315 etiam
325 271 422 329 Spiritus
435 269 627 324 sanctificationis
639 271 698 314 sicut
709 286 764 328 ergo
776 271 814 316 alii
826 286 867 330 per
876 271 985 330 Spiritum
994 285 1011 316 s.

133 343 306 386 sanctificantur
316 341 475 401 spiritualiter,
488 343 512 384 111
527 342 571 384 siut
587 339 628 384 filii
640 340 679 385 Dei
695 341 805 401 adoptivi,
817 343 850 387 ita
861 342 961 387 Christus
973 357 1013 402 per
1026 366 1030 372 ·

133 412 244 471 Spiritum
258 427 275 457 s.
294 416 328 458 est
342 413 367 456 in
379 412 499 457 sanct'tate
515 415 645 473 conceptus,
657 415 682 457 ut
695 404 752 458 esset
763 413 831 458 uilius
842 414 882 459 Dei
891 413 1010 458 naturalis.
1039 466 1042 472 Ι

131 483 187 528 Vide
204 487 320 529 Summam
337 500 361 545 p.
380 489 392 528 3
410 500 447 544 qu.
466 489 494 528 32
513 487 555 529 art.
574 490 593 529 1.
613 476 710 543 spiritus
725 484 785 528 enim
799 489 889 541 sanctus
899 500 941 545 per
952 485 1023 530 viam*

132 556 216 601 amoris
230 556 409 601 consummantis
425 571 451 601 ac
459 556 605 616 'perficientis
615 556 664 601 vias
677 555 835 615 productionis
846 561 950 601 aeternas
960 572 1012 616 prc-

131 627 192 672 cedit
207 628 232 672 in
250 643 278 673 ss.
297 627 417 682 Trinitate;
435 643 506 688 quare
528 642 597 688 opera
617 627 707 683 auroris,
725 628 881 686 benignitatis,
899 628 1012 673 libertatis

131 699 152 743 ei
165 699 332 755 attribuuntur3
346 700 393 745 iam
408 715 462 745 vero
476 701 604 744 lncarnatio
620 702 652 744 est
666 713 782 745 summurn
795 714 851 757 erga
866 715 908 745 nos
925 699 1012 744 benefi-

131 770 194 815 cium
208 773 359 832 omniumque
371 772 535 816 beneficiorum
550 774 628 831 caput;
641 772 695 816 dein
711 771 807 831 Spiritus
820 786 837 817 s.
850 776 884 817 551
895 771 1011 831 quoddam
1036 780 1052 790 ²

131 857 208 887 semen
226 843 328 887 divinum
346 859 392 902 quo
409 843 486 887 omnia
504 843 664 897 fecundantur,
680 844 713 887 551
732 843 796 902 quasi
813 844 891 888 anima
905 858 950 903 qua
963 842 1012 887 ani-

130 917 223 958 mantur
237 917 259 957 et
273 915 420 958 vivificantur
435 914 512 958 omnia
522 913 563 972 (cf.
580 917 633 959 Gen.
648 917 693 968 1,2.
706 918 740 958 Ps.
758 919 846 968 103,30.
862 918 923 958 loun.
937 913 1010 972 6,63),

130 986 192 1030 unde
213 986 348 1041 lucarnatic,
368 999 424 1046 opus
442 984 588 1048 fecunditatis
609 987 630 1029 et
651 984 818 1041 vivificationis,
837 985 858 1037 ei
881 984 1012 1029 attribuitur
1061 1021 1063 1031 .

131 1057 168 1116 (cl.
181 1057 254 1101 Saba.
272 1055 365 1117 111111).
383 1061 414 1102 Po
425 1057 527 1102 issimam
537 1057 651 1101 rationem
664 1056 720 1101 Rab.
731 1057 803 1101 cernit
820 1058 845 1101 in
856 1057 939 1115 gratia,
949 1055 1010 1101 Beda

61 1118 63 1122 ἱ
129 1143 184 1172 vero
198 1127 252 1188 quia
266 1129 367 1172 Christus
380 1128 480 1173 adventu
492 1143 532 1172 suo
544 1128 631 1172 donum
646 1127 742 1187 Spiritus
756 1143 773 1173 5,
789 1129 813 1172 in
826 1143 850 1173 se
863 1127 1010 1173 'credentibus

129 1198 195 1257 large
211 1200 355 1244 ministravit.
373 1199 459 1245 Dicitur
474 1199 552 1258 itaque
574 1199 600 1243 a'a
622 1207 684 1244 atero
709 1198 792 1244 babeas
815 1199 842 1244 de
860 1198 898 1260 (ἐκ)
921 1199 1010 1258 Spiritu

130 1279 217 1326 coacto,
237 1272 292 1330 quia
304 1271 401 1331 Spiritus
412 1287 429 1316 s.
445 1285 485 1316 sua
497 1271 600 1340 potentia
613 1274 635 1315 et
648 1271 731 1316 virtute
741 1271 850 1316 creatrice
863 1271 887 1315 id
897 1270 1010 1331 supplevit

131 1347 153 1386 et
162 1343 235 1387 effecit
246 1342 309 1402 quod
320 1342 350 1387 ad
359 1344 531 1402 conceptionem
543 1343 712 1401 requirebatur3
723 1343 773 1387 vide
785 1346 834 1387 Luc.
852 1347 911 1397 1,35.

160 1414 217 1464 Quid
232 1415 321 1473 loseph,
337 1429 389 1457 cum
403 1428 510 1473 sponsam
528 1414 557 1458 ab
574 1413 689 1459 Elisabeth
705 1413 812 1459 reducem
828 1417 931 1458 cerneret
944 1429 1009 1472 prae-

131 1486 258 1545 gnantem?
274 1486 398 1529 Matthaeus
415 1485 492 1529 virum
513 1477 705 1529 nohisuescribit
721 1484 807 1529 irratam
822 1485 838 1529 i.
857 1501 877 1530 e,
896 1486 936 1544 qui
952 1485 1009 1547 legis

129 1557 220 1601 divinae
232 1570 336 1600 normam
354 1570 430 1615 presse
443 1556 545 1615 sequitur
560 1559 582 1600 et
595 1557 618 1600 iu
634 1557 681 1601 vita
691 1571 732 1601 sua
744 1556 850 1616 exprimit
860 1559 882 1601 et
892 1558 929 1616 qui
941 1556 1008 1600 simul

130 1629 193 1687 apud
209 1643 232 1672 se
248 1615 347 1672 statuere
364 1642 410 1671 non
425 1627 507 1688 potuit,
526 1627 561 1672 vel
577 1627 599 1671 id
618 1643 666 1672 ase
679 1628 803 1688 impetrare
818 1641 865 1683 non
880 1627 955 1687 potuit
971 1628 1007 1688 [μὴ

128 1699 213 1758 θέλων),
224 1702 251 1743 ut
261 1714 312 1743 cam
322 1690 400 1758 palam
409 1699 496 1743 faceret
510 1699 557 1743 scil.
572 1699 634 1757 quod
646 1714 693 1760 non
705 1715 718 1743 a
728 1714 759 1753 se,
775 1715 788 1742 a
798 1713 880 1759 sponso
891 1699 1007 1759 concepis-

103 1767 106 1772 ’
127 1774 172 1826 551;
188 1785 240 1815 cum
254 1770 331 1829 itaque
344 1785 370 1813 ex
385 1784 431 1814 una
442 1772 507 1829 parte
522 1765 599 1827 legem
615 1773 747 1829 sequeretur
761 1770 842 1814 ducem
856 1786 882 1815 ac
892 1785 1005 1825 normam,

127 1857 153 1886 ex
171 1842 242 1886 altera
258 1845 323 1900 parte
340 1840 418 1885 animo
433 1844 490 1885 esset
506 1841 603 1893 maxime
622 1841 722 1899 benigno
741 1855 767 1885 ac
785 1841 842 1893 miti,
860 1841 899 1902 qui
919 1841 1007 1886 animus

126 1913 263 1957 describitur
273 1913 326 1972 quia
336 1907 411 1957 noluit
424 1927 531 1972 sponsam
549 1918 678 1970 δειγματίσαι,
689 1912 714 1957 id
728 1928 772 1972 quo
787 1917 809 1957 51
822 1912 922 1958 iustitiae
934 1917 955 1957 et
964 1929 1005 1959 suc

125 1986 203 2029 animo
213 1984 325 2042 benigno,
338 1984 381 2028 sibi
393 1987 415 2028 et
425 1999 520 2044 sponsae
533 1984 687 2029 emolumento
698 1985 796 2029 maxime
811 1985 940 2029 consultum
949 1990 1006 2030 esset

125 2056 200 2100 facere
215 2055 315 2100 intendit
332 2055 447 2115 (11151111)
461 2055 478 2099 i.
495 2070 514 2099 5.
531 2056 611 2109 voluit,
627 2055 654 2100 de
671 2070 697 2099 ea
713 2070 737 2099 re
754 2070 829 2100 secum
847 2056 962 2113 cogitavit,
981 2060 1005 2101 ut

125 2126 213 2172 occulte
225 2141 277 2171 eam
293 2126 426 2191 dimitteret.
441 2126 481 2171 Hic
496 2130 528 2170 est
543 2126 750 2171 sensusverborum
761 2126 847 2172 obvius.
860 2130 906 2172 lam
915 2128 1006 2186 singula

124 2203 177 2243 sunt
188 2197 360 2242 consideranda.
373 2197 433 2242 Vidit
442 2212 550 2257 sponsam
559 2192 606 2242 esse
616 2197 747 2255 gravidam3
763 2198 834 2242 nescit
844 2214 857 2242 a
868 2214 926 2258 quo;
938 2202 1004 2244 llaria

124 2270 183 2325 silet,
201 2284 250 2314 rem
267 2274 311 2314 Dec
329 2269 479 2324 committens,
495 2269 534 2327 qui
551 2268 609 2314 sicut
628 2269 742 2314 Elisabeth
758 2269 889 2324 edocuerat,
904 2272 936 2315 ita
949 2272 968 2315 si
984 2271 1004 2315 ei

78 2401 79 2404 Ἰ
123 2341 234 2401 placitum
250 2340 320 2386 luerit
339 2341 460 2400 losephum
479 2340 561 2385 reddet
582 2341 710 2385 certiorem.
731 2342 813 2385 Mariae
844 2342 958 2386 silentium
975 2343 1003 2387 de

56 2470 57 2473 Ἴ
117 2413 231 2470 ¹mysterio
250 2413 276 2456 in
293 2426 317 2473 se
333 2415 425 2471 peracto
437 2427 485 2456 non
500 2426 551 2455 cum
566 2411 681 2471 aliquibus
697 2411 750 2455 inde
767 2412 931 2471 explicabimus
950 2415 1003 2473 quia

123 2487 217 2544 putaret
227 2484 275 2527 lore
285 2486 311 2526 ut
320 2483 429 2542 Iosephus
439 2482 483 2526 sibi
493 2497 540 2526 non
550 2483 652 2527 crederet
662 2483 772 2527 asserenti
787 2483 812 2528 id
825 2483 885 2542 quod
897 2485 1002 2530 excedere

122 2557 240 2600 videretur
252 2554 409 2599 testimonium
423 2553 490 2598 unius
497 2554 595 2613 puellae,
606 2554 646 2599 sed
656 2569 682 2598 ex
693 2569 718 2598 co
730 2554 791 2614 quod
800 2557 873 2600 totum
883 2556 1002 2614 negotium

122 2628 219 2673 subiecit
230 2626 322 2689 divinae
335 2620 502 2686 providentiae,
515 2630 540 2670 111
556 2623 613 2671 Deus
624 2626 754 2686 disponeret
768 2626 793 2670 id
802 2627 863 2686 quod
873 2627 916 2671 sibi
928 2630 1001 2685 magis

57 2698 59 2701 ’
123 2702 182 2743 55551
196 2699 377 2757 beneplacitum,
395 2697 519 2742 certissima
533 2701 612 2742 tenens
630 2698 715 2743 fiducia
729 2698 777 2742 fore
794 2701 818 2742 ut
840 2702 898 2743 Deus
913 2699 941 2742 ab
958 2700 1001 2744 hac

122 2770 244 2815 afflictione
260 2784 330 2829 quam
352 2770 402 2829 ipsa
421 2785 447 2814 ex
462 2769 594 2814 turbatione
611 2770 692 2829 loseph
708 2769 783 2829 sponsi
803 2770 963 2828 experiebatur
977 2786 1000 2816 55

121 2842 238 2886 liberaret.
258 2844 284 2885 Ut
301 2845 377 2886 autem
394 2841 437 2885 sibi
454 2856 505 2885 cum
524 2841 613 2885 silentio
632 2855 680 2885 rem
701 2845 745 2886 Deo
761 2855 808 2884 esse
824 2840 1000 2901 relinquendam

121 2913 267 2965 existimaret,
286 2914 379 2957 omnino
400 2912 480 2957 induci
500 2916 596 2971 poterat,
617 2913 687 2956 immo
708 2913 755 2958 tere
776 2911 874 2957 debebat
895 2929 921 2957 co
938 2914 1000 2972 quod

76 2997 78 3007 ’
120 2990 179 3031 Deus
192 2984 242 3044 ipse
258 2985 391 3041 mysterium
408 2986 529 3029 revelasset
545 2984 667 3029 Elisabeth.
683 2983 738 3028 lude
753 2985 835 3029 merito
851 2985 1000 3030 concludebat

119 3061 191 3102 Deum
205 3055 246 3116 qui
259 3069 308 3099 rem
319 3056 376 3099 adeo
387 3057 522 3115 stupendam
537 3059 642 3115 operatus
656 3055 684 3099 sit
695 3053 763 3101 etiam
775 3056 819 3100 sibi
829 3056 872 3100 soli
884 3071 998 3101 reservare

120 3143 200 3174 curam
211 3143 262 3172 eam
278 3126 433 3188 patefaciendi
449 3127 541 3186 quando
558 3130 580 3171 et
597 3126 679 3187 quibus
696 3126 806 3172 voluisset.
825 3127 920 3172 1151515
936 3129 995 3174 [aas.
