2211 3575
413 181 490 218 aaran.
507 174 534 219 l„
543 172 614 212 le-no.
807 206 809 208 -
913 179 952 219 eu

79 276 101 318 et
110 272 244 329 magnifioe;
259 272 343 316 blanda
363 272 391 317 cb
404 273 479 318 lusum
490 271 624 331 verborum,
639 272 764 330 magnifice
777 273 830 331 quia
840 272 868 317 de
878 272 952 317 hoini-

70 343 146 390 uibus
167 343 197 388 ad
213 343 308 388 salutem
322 342 430 389 ducendis
450 344 525 403 agitur
545 358 550 389 ι
568 344 687 404 etfaciam
704 359 742 388 eos
759 343 813 403 fieri
826 344 949 403 piscatores

7 412 8 415 ’
74 414 209 471 1161111“ηῑι111;
228 429 292 469 nam,
312 417 336 469 ut
353 416 376 460 S.
396 416 444 460 Hit.
464 419 527 461 notat
546 430 550 461 :
570 434 585 464 a,
599 417 624 460 in
641 417 779 475 piscatorum
798 417 908 462 electione
923 432 949 461 ex

79 487 199 531 hominum
209 488 256 531 arte
268 487 338 531 futuri
348 501 426 532 eorum
437 487 503 531 officii
514 501 569 545 opus
581 487 696 545 proditur.
709 490 734 531 ut
743 488 843 546 piscibus
858 489 947 543 amari,

56 550 59 557 ¹
78 559 110 602 ita
120 557 252 602 hominibus
263 558 368 618 deinceps
380 573 391 602 e
401 558 490 602 saeculo
500 558 525 601 in
537 557 614 601 locum
629 558 780 616 superiorein,
792 558 815 602 id
827 562 869 612 est,
880 560 905 602 in
913 560 949 603 lu-

78 643 131 673 men
142 629 241 673 coelestis
253 629 376 674 habitaculi
390 618 547 687 protrahendis
559 642 584 682 »ς
599 631 667 686 atque
682 628 751 672 simili
762 629 885 673 verborum
899 630 951 677 lusu

79 701 146 745 etiam
158 700 185 745 de
196 701 279 746 Davide
293 700 390 759 legimus
405 713 409 743 :
424 699 513 744 sustulit
523 713 575 743 eum
590 698 617 742 de
628 699 738 755 gregibus
756 700 843 754 ovium,
859 700 887 744 de
901 705 951 760 post

78 773 173 817 fetantes
186 773 272 831 accepit
285 785 337 815 eum
348 785 439 830 pascere
453 771 518 815 laoob
529 785 619 815 servum
633 785 699 815 suum
710 771 754 831 (Ps.
766 775 842 826 tusto
857 772 948 831 illabi).

58 852 64 885 ἴ
73 843 135 893 ¹Dicit
144 843 222 903 itaque
229 837 329 887 Christus
341 843 498 907 :commutabo
505 843 606 887 vestrum
617 842 718 887 officium
725 843 750 886 in
760 843 833 887 maius
841 843 950 902 ,seriana

80 932 91 957 «
107 915 160 974 quia
172 915 256 959 trustra
268 914 356 959 laborat
369 913 506 974 praedicatio
521 913 628 977 euterius,
641 913 690 958 nisi'
698 913 757 958 adsit
770 914 863 958 interius
874 916 949 972 gratia

78 987 240 1045 redemptoris;
256 985 376 1031 nonenim
393 987 474 1030 virtute
490 1001 530 1030 sua
545 984 668 1030 trahebant
682 985 800 1046 homines,
813 986 852 1030 sed
868 1001 948 1045 opera-

72 1059 139 1105 ‘ticne
155 1058 235 1101 Christi
253 1076 263 1098 r
281 1058 313 1116 (S.
330 1058 426 1116 Tirone).
441 1056 571 1127 Continetur
586 1061 674 1110 autem,
694 1058 751 1102 sicut
765 1057 816 1102 All.
837 1058 959 1112 aduertit,-

81 1148 90 1170 11
100 1129 217 1188 promissio
228 1128 365 1182 officiorum,
377 1143 435 1186 quae
450 1131 580 1172 tamennon
589 1128 672 1182 *statim
687 1127 796 1183 iniunxit,
812 1129 947 1187 quiaadhuc

77 1199 209 1245 instituendi
219 1203 283 1243 erant
293 1213 334 1258 per
344 1198 469 1242 doctrinam
480 1201 501 1242 et
510 1197 644 1258 perficiendi
656 1213 696 1257 per
708 1199 815 1243 virtutem
827 1203 848 1242 et
862 1201 946 1243 exerci-

77 1271 140 1320 tandi
150 1285 190 1330 per
200 1269 357 1330 probationem
367 1270 524 1329 operationum
538 1272 559 1313 et
568 1269 718 1313 tentationum
730 1287 750 1314 11.

71 1337 73 1341 ’
106 1345 176 1393 Quam
185 1345 264 1401 potens
276 1341 303 1385 sit
310 1342 412 1385 inritatio
425 1341 505 1385 Christi
516 1340 551 1384 vel
558 1342 634 1400 potius
645 1355 713 1400 quam
723 1344 838 1400 potentem
848 1343 946 1400 gratiam

76 1415 125 1458 voci
145 1416 249 1458 externae
264 1412 401 1468 adiunxerit,
416 1412 545 1457 declaratur
560 1427 582 1456 v.
597 1408 746 1456 ‘loconuaco
763 1413 847 1456 relictis
862 1414 947 1458 retibus
969 1450 971 1452 ,

75 1484 146 1529 sectili
156 1484 268 1528 cretaceum
271 1499 280 1539 ,·
293 1502 303 1524 a
314 1483 429 1543 perpende
438 1480 528 1528 illorum
539 1485 561 1526 et
569 1482 639 1527 fidem
650 1486 672 1527 et
682 1483 846 1537 ohedientiam;
861 1486 944 1529 etenim

75 1557 99 1599 in
114 1551 188 1599 medio
206 1569 273 1614 opere
288 1554 355 1612 (scitis
371 1558 444 1598 auten]
462 1568 530 1613 cpiam
544 1554 612 1599 avida
623 1568 658 1598 res
672 1555 701 1598 sit
715 1554 817 1615 piscatio)
829 1556 895 1601 illum
911 1557 945 1600 iu-

75 1626 165 1670 bentem
178 1626 293 1670 audientes
301 1640 345 1669 non
357 1625 492 1681 distulerunt
501 1640 576 1684 neque
585 1625 684 1670 cunctati
693 1628 753 1680 suut,
764 1640 809 1670 non
819 1626 925 1671 dixerunt
937 1642 942 1672 ς

75 1697 158 1741 reversi
168 1697 262 1740 domum
279 1696 417 1756 propinquos
435 1696 587 1754 alloquemur,
605 1696 645 1740 sed
660 1696 743 1740 relictis
759 1697 865 1741 omnibus
875 1700 945 1742 secuti

75 1771 135 1823 sunt,
151 1767 342 1827 quemadmodum
355 1770 377 1811 et
389 1768 486 1811 Elisaeus
499 1768 551 1810 fecit
564 1782 616 1810 cum
626 1768 681 1811 Elia.
695 1767 772 1811 Talem
784 1769 831 1812 scil.
845 1769 945 1813 Christus

76 1838 229 1883 obedientiam
244 1840 332 1897 quaerit
348 1839 449 1893 anobis,
468 1839 500 1881 ita
514 1841 539 1881 ut
557 1853 585 1882 ne
603 1840 720 1882 momento
732 1837 826 1898 quidem
839 1842 946 1900 temporis
967 1871 969 1874 v

73 1901 204 1954 differamus
218 1929 227 1950 r
241 1910 273 1968 (S.
289 1910 387 1970 Chrys).
403 1910 508 1961 Quamvis
518 1924 563 1953 non
574 1909 650 1954 dicere
663 1910 775 1969 possimus
788 1926 840 1954 euin
855 1914 876 1956 S.
890 1914 943 1956 1116-
972 1966 974 1971 ⁴

73 1983 135 2039 gorio
152 1981 222 2040 (hom,
237 1985 249 2025 5
266 1982 289 2025 in
303 1981 404 2040 analag),
425 1981 473 2025 illos
491 1984 577 2025 secutos
595 1994 641 2024 esse
658 1982 778 2025 Dominum
796 1997 864 2042 quem
882 1984 962 2042 n'ulla

75 2052 239 2104 iacereadlruc
256 2052 365 2096 miracula
382 2052 499 2107 vidissent,
514 2068 527 2096 a
545 2066 589 2111 quo
603 2052 662 2096 nihil
678 2052 825 2110 depraenrio
841 2058 946 2099 aeternae

75 2123 229 2167 retributionis
247 2123 322 2167 adhuc
341 2123 465 2179 audissent,
484 2126 561 2167 tamen
581 2137 660 2167 eorum
683 2124 739 2167 fides
763 2127 785 2167 et
806 2124 948 2171 obedientiae

75 2195 229 2255 promptitudo
241 2209 381 2254 magnopere
392 2194 622 2239 estcomnrendanda.
635 2197 718 2254 Atque,
731 2198 756 2239 ut
765 2196 815 2240 Alb.
829 2196 894 2251 dicit,
904 2198 948 2243 tria

76 2269 138 2310 notat
146 2259 290 2323 ¹evangelista
302 2267 325 2309 in
336 2280 414 2309 eornm
427 2264 572 2309 obedientie:
590 2266 744 2320 velocitatem,
760 2253 892 2312 facilitatem
907 2283 946 2313 seu

77 2336 241 2397 expeditionem
252 2336 344 2395 (relictis
357 2335 452 2395 retibus)
467 2339 488 2380 et
497 2336 660 2395 perlectionem
672 2351 730 2395 quae
744 2339 776 2381 est
788 2337 813 2380 in
823 2340 945 2397 sequendo.

77 2411 152 2468 Neque
164 2423 243 2453 eorum
256 2408 319 2452 laudi
329 2405 454 2466 quidquam
466 2407 594 2452 detrahitur
609 2423 635 2452 ex
646 2423 672 2452 ec
686 2407 747 2467 quod
760 2423 833 2468 pauca
849 2410 947 2470 relique-
990 2468 992 2471 .

77 2483 137 2524 runt.
145 2483 213 2535 Nam,
225 2479 294 2523 rerba
304 2483 355 2524 snut
368 2483 390 2524 S.
402 2479 503 2537 Gregorii
514 2480 530 2523 1.
540 2495 574 2534 c.,
585 2497 596 2519 a
605 2480 648 2524 hac
658 2479 683 2524 iu
692 2494 718 2524 re
725 2479 831 2524 enectum
841 2481 949 2527 debemus

77 2553 151 2610 potius
165 2565 259 2611 pensare
271 2565 339 2610 quam
357 2564 460 2604 oensum3
472 2551 569 2595 nrnltum
583 2551 676 2609 reliquit
689 2551 729 2609 qui
743 2551 786 2594 sibi
799 2551 830 2595 nil
841 2553 945 2607 retinuit;

79 2623 174 2666 multum
191 2623 282 2680 reliquit
296 2622 335 2681 qui
351 2622 517 2681 quantumlibet
532 2637 614 2681 parum
631 2625 704 2666 totum
722 2622 832 2678 deseruit3
851 2625 948 2669 nullium

79 2709 133 2751 orgo
151 2696 229 2738 Petrus
246 2697 267 2737 et
288 2693 387 2737 Andreas
406 2688 501 2748 dimisit,
523 2694 729 2754 quandouterque
753 2694 820 2737 etiam
838 2695 949 2748 desideria

78 2765 179 2810 habendi
189 2764 337 2824 derelinquit3
351 2765 448 2808 multum
458 2764 543 2808 dimisit
554 2765 654 2823 quicum
664 2778 688 2807 re
700 2778 801 2823 possessa
816 2766 885 2810 etiam
896 2782 949 2812 oon-

79 2837 221 2896 cupiscentiis
234 2836 371 2880 renuntiavit
386 2853 395 2874 »
416 2835 520 2879 similiter
535 2834 589 2879 Bed.
609 2833 664 2879 nac.
682 2834 733 2880 Alb.
750 2836 826 2881 Tlrcrn,
844 2842 886 2883 etc,
904 2843 947 2897 En,

80 2911 218 2968 quantopere
229 2909 328 2952 Christus
339 2922 380 2967 pro
391 2920 431 2951 sua
442 2907 557 2951 maiestate
569 2906 674 2951 dominus
685 2911 717 2960 est
728 2911 749 2952 et
759 2923 798 2952 rex
808 2910 948 2955 animorum!

107 2979 190 3025 Eadem
198 2981 298 3038 potentia
308 2983 329 3024 ct
338 2979 479 3037 benignitate
490 2979 551 3024 adse
561 2982 627 3023 uocat
640 2980 694 3024 alios
708 2979 765 3024 duos
779 2981 870 3035 fratres,
886 2985 949 3026 laco-

79 3050 134 3095 burn
148 3053 170 3095 et
184 3052 300 3105 loannem,
315 3050 373 3095 filios
394 3050 504 3095 Zebedaei
517 3065 538 3095 v.
555 3054 591 3095 nl.
607 3054 702 3095 loannes
718 3054 751 3094 est
766 3051 804 3095 ille
822 3051 947 3112 discipulus

79 3121 266 3181 quemdiligebat
279 3123 347 3175 lesus,
360 3121 399 3181 qui
409 3124 475 3166 antea
489 3122 612 3181 discipulus
621 3121 696 3165 fuerat
704 3122 816 3181 baptistae
828 3126 852 3166 et
860 3122 889 3167 ab
897 3125 945 3184 ipso
