2239 3511
161 213 200 253 100
505 212 593 246 suarm.
609 207 628 251 9,
644 206 685 244 8-9,

162 304 448 365 quotiescumquealiquid
459 304 520 363 quod
530 304 588 348 vires
598 306 694 348 naturae
703 302 796 347 excedat
807 302 828 347 ei
836 303 911 348 subito
921 302 1036 357 obiicitur,
1051 354 1052 357 Ἰ
1075 322 1077 328 ·

162 385 184 420 et
192 375 378 434 qlorificacernct
387 378 460 419 Deum
471 376 513 436 qni
520 375 584 420 dedit
592 382 727 435 protestatem
735 369 953 431 1616611666161166·
964 375 1038 418 homi-

160 461 214 490 nem
225 451 299 491 Iesum
308 447 387 492 vident
396 451 465 506 atque
476 447 501 491 in
513 463 539 491 eo
552 451 573 491 et
583 462 625 506 per
633 462 686 509 eum
694 445 829 490 hominibus
837 448 971 506 potestatem
981 445 1038 489 adeo

160 518 284 562 salutarem
299 518 393 564 concedi
407 518 514 564 laudibus
531 522 575 563 Deo
589 515 647 563 datis
664 518 782 562 extollunt.
800 520 857 562 Dum
873 517 941 561 duces
956 516 1038 575 populi

160 604 187 633 ac
201 590 305 634 doctores
315 594 401 644 tacent,
413 589 494 634 turbae
504 590 530 635 in
539 589 578 635 Dei
587 589 667 635 laudes
677 604 723 634 sese
734 589 863 644 effundunt3
873 588 920 632 vim
933 603 959 632 ac
969 587 1037 644 signi·
1089 613 1092 620 ι

160 661 291 705 ficationem
301 661 407 706 miraculi
418 658 556 722 concipiunt⁷
571 661 658 706 donum
668 661 707 705 Dei
716 661 741 704 in
750 660 882 704 remissione
890 662 1037 719 peccatorum

160 735 275 777 ostensum
291 733 385 778 maximi
401 734 529 779 aestimant.
547 736 629 778 Verum
651 734 690 793 qui
709 746 733 777 se
748 733 833 776 iactant
849 731 907 776 filios
921 731 1037 775 Abraham

162 802 218 863 (311)
236 806 258 847 61
273 804 393 865 propriam
406 805 516 849 iustitiam
531 806 620 862 exlege
637 808 735 849 statuere
749 806 862 863 quaerunt
876 802 949 863 (Rom.
965 801 1035 862 10‚3)‚

160 875 216 919 dum
226 889 250 919 56
263 876 332 920 165165
342 879 425 935 6616111
438 891 484 919 non
497 876 627 933 indigentes
639 879 785 934 peccatorum
798 875 939 928 remissione,
954 874 1000 917 iam
1014 887 1037 917 se

159 945 305 990 manifestant
313 948 403 1006 ineptos
411 947 451 1005 qui
459 947 556 991 salutem
563 963 575 991 a
583 950 601 989 M
604 946 661 991 essia
671 946 772 990 oblatam
780 945 954 1004 amplectantur.
964 947 1036 1003 Atque
1073 988 1075 991 .

159 1031 198 1062 eos
208 1031 291 1062 munus
300 1019 391 1063 Messias
398 1018 492 1062 minime
500 1018 632 1075 intelligere
641 1018 697 1062 adeo
705 1021 729 1061 ut
738 1017 766 1061 iis
775 1031 833 1076 qnae
840 1015 1036 1062 Messiae'maxime

159 1089 297 1133 conveniant
307 1090 442 1149 cumprimis
453 1090 605 1145 offendantur,
621 1084 688 1134 etiam
703 1088 807 1147 sequenti
819 1088 950 1133 narratione
962 1087 1036 1131 decla-

158 1162 223 1203 ratur
234 1160 268 1218 (cl.
285 1163 350 1205 Marc.
366 1166 426 1215 aaa.
440 1164 493 1205 Luc.
505 1160 576 1221 530).
605 1196 606 1200 η

152 1259 159 1262 υ
187 1235 327 1277 Documenta
340 1235 362 1276 et
371 1232 475 1291 exempla
485 1248 543 1292 quae
554 1233 623 1277 modo
634 1233 718 1278 tradita
728 1229 897 1290 suntsequenti·
903 1231 1034 1276 narratione

158 1303 232 1360 magis
248 1304 398 1362 explicantur.
416 1307 477 1348 lesus
493 1304 555 1348 enim
575 1319 598 1349 se
616 1305 686 1349 etiam
701 1305 776 1362 magis
793 1304 891 1348 ostendit
906 1303 1034 1360 benignum
1101 1334 1104 1337 -

158 1374 328 1433 peccatoribus3
341 1376 412 1420 immo
423 1391 449 1419 eo
459 1376 607 1434 progreditur
618 1379 641 1419 ut
655 1391 707 1421 eum
721 1375 761 1434 qui
774 1376 837 1433 apud
846 1374 938 1419 ludaeos
949 1374 974 1418 in
983 1388 1035 1432 pec-

158 1449 260 1489 catorum
271 1461 364 1491 censum
379 1447 521 1491 referebatur
535 1447 565 1491 ad
579 1461 602 1491 se
617 1447 759 1506 sequendum
773 1449 845 1500 vocet,
858 1448 883 1489 ut
893 1460 944 1489 cum
956 1460 1035 1504 pecca-

156 1516 246 1560 toribus
260 1517 332 1561 amice
346 1519 494 1562 conversetur
510 1521 533 1562 et
547 1512 575 1562 ut
585 1519 618 1562 sui
633 1518 732 1562 muneris
745 1516 857 1561 rationem
870 1516 971 1561 declaret
981 1531 1034 1561 con-

155 1587 224 1631 tineri
233 1587 309 1646 inope
320 1588 477 1647 peccatoribus
483 1590 589 1633 'serenda
599 1589 691 1639 Scrihae
700 1592 799 1633 econtra
810 1591 831 1632 et
840 1588 955 1647 pharisaei
966 1588 1033 1632 etiam

156 1660 230 1716 magis
237 1659 344 1718 aperiunt
355 1660 485 1704 animorum
496 1675 572 1705 sensus
584 1663 634 1704 Iesu
643 1660 748 1705 inimicos
756 1662 778 1704 et
787 1654 933 1703 manilestant
943 1673 966 1703 se
975 1659 1033 1703 nihil

155 1730 284 1787 intelligere
298 1731 326 1775 de
340 1746 434 1775 munere
446 1732 535 1776 Messiae
545 1732 672 1776 reducendi
685 1734 785 1775 errantes
799 1730 828 1774 ad
837 1735 915 1776 Deum.
927 1733 999 1781 Quare
1013 1735 1034 1774 et

155 1816 228 1845 nexus
248 1816 300 1846 cum
317 1802 505 1847 antecedentibus
521 1806 543 1847 et
559 1803 593 1846 rei
613 1803 740 1861 progressio
760 1801 827 1846 facile
844 1801 1030 1861 deprehenditur.

155 1872 236 1917 Mirum
247 1874 349 1931 prolecto
361 1874 466 1933 estquod
481 1874 552 1919 Weiss
563 1878 640 1917 censet
649 1889 700 1918 eam
711 1873 865 1918 narrationem
875 1873 967 1917 omnino
978 1873 1032 1917 alie-

154 1959 209 1988 nam
223 1945 251 1988 ab
266 1960 292 1988 eo
306 1945 335 1988 ad
350 1945 412 2004 quod
422 1945 565 2003 evangelista
575 1945 599 1988 in
609 1945 653 1989 hoc
663 1946 737 2003 capite
747 1945 834 1988 tendat.
847 1948 901 1989 Cum
909 1945 1032 1989 Matthaeus

155 2016 249 2060 modum
263 2016 348 2073 agendi
368 2020 417 2062 lesu
437 2019 459 2060 et
479 2017 607 2061 scribarum
623 2016 747 2076 praecipue
764 2016 843 2060 efferre
859 2015 924 2071 velit,
942 2016 1032 2075 reliqua

156 2086 246 2132 brevius
262 2088 396 2146 perstringit
412 2087 449 2147 (cf.
461 2091 527 2132 Marc.
545 2092 606 2143 au.
620 2091 671 2133 Luc.
684 2088 745 2146 537)
757 2092 803 2131 v.9
819 2097 839 2132 et
854 2102 909 2132 ,6661
925 2087 1032 2131 monstret

156 2158 235 2203 1111161.
252 2173 271 2202 e.
287 2173 339 2203 cum
350 2159 429 2203 abiens
444 2158 506 2213 16616,
522 2160 563 2203 ubi
577 2162 696 2204 sanaverat
710 2158 870 2218 paralyticum,
881 2160 987 2203 transiret
996 2159 1032 2203 vel

155 2230 382 2290 praetergrederetur
399 2245 451 2274 eum
469 2231 545 2274 locum
560 2231 601 2274 ubi
616 2235 664 2275 erat
679 2231 802 2275 Matthaeus
819 2257 847 2263 -
861 2235 957 2290 παράγειν
970 2230 1031 2274 enim

151 2301 225 2345 habet
235 2301 352 2346 notionem
363 2302 525 2361 praetereundi
535 2303 563 2346 cf.
576 2306 650 2356 20‚30.
663 2306 727 2346 Marc.
743 2306 803 2356 1,16.
818 2305 879 2346 loan.
892 2306 928 2356 9,1
938 2302 1031 2346 -611111

154 2372 268 2416 terninano
283 2373 434 2417 acclamantia
449 2373 535 2417 telonio
551 2374 581 2417 ad
593 2373 715 2431 vectigalia
728 2373 776 2417 scil.
790 2376 811 2416 et
825 2374 912 2417 tributa
920 2375 1030 2419 mercium

154 2444 273 2502 exigenda,
285 2444 537 2500 llcttbacum'ncmine,
553 2463 562 2484 c
578 2445 647 2488 ceteri
657 2445 809 2501 evangelistae
817 2448 911 2504 propter
922 2448 1030 2489 verecun-

155 2516 218 2559 diam
228 2519 249 2558 et
261 2516 373 2559 honorem
386 2516 491 2559 Matthaei
504 2516 627 2559 noluerunt
640 2530 692 2559 eum
706 2515 798 2559 nomine
811 2516 928 2575 appellare
936 2517 1030 2574 vulgato

154 2587 194 2631 sed
202 2586 309 2631 dixerunt
316 2587 376 2642 Levi,
387 2586 474 2646 duplici
485 2587 569 2646 quippe
579 2586 690 2631 vocabulo
701 2587 753 2642 fuit;
764 2587 815 2646 ipse
823 2591 900 2632 autem
907 2589 1030 2634 Matthaeus

154 2658 279 2703 secundum
293 2658 351 2702 illud
364 2658 425 2718 quod
440 2674 453 2702 6
470 2658 592 2703 Salomone
605 2652 746 2718 praecipitur
763 2674 767 2702 :
784 2659 856 2704 iustus
872 2664 987 2708 accusator
998 2665 1030 2706 est

153 2730 188 2774 sui
199 2731 223 2773 in
232 2730 345 2790 principio
357 2730 468 2774 sermonis
479 2731 551 2790 (Prov.
565 2729 640 2790 tarr)
653 2732 707 2775 etin
718 2731 763 2774 alio
774 2731 825 2774 loco
838 2746 842 2776 :
855 2731 891 2775 dic
901 2735 926 2775 tu
935 2736 1029 2790 peccata

153 2804 194 2846 tua
206 2805 230 2845 ut
242 2801 370 2846 iustificeris
382 2801 419 2862 (Is.
435 2806 501 2857 113,Ξῦ
515 2802 586 2861 LXX),
606 2803 742 2846 Matthaeum
752 2817 775 2846 se
790 2806 812 2845 et
824 2801 973 2860 publicanum
988 2819 1029 2848 no-

154 2873 235 2926 minat,
249 2876 274 2917 ut
287 2874 392 2918 ostendat
406 2874 535 2930 legentibus
550 2874 641 2918 nullum
657 2875 740 2918 debere
756 2873 851 2916 salutem
865 2873 992 2933 desperare,
1011 2878 1029 2921 si

154 2944 183 2988 ad
200 2943 296 2987 meliora
313 2959 434 2989 conversus
451 2946 485 3000 sit,
504 2960 556 2989 cum
572 2946 620 3004 ipse
635 2945 663 2989 de
678 2944 802 3004 publicano
819 2943 844 2988 in
858 2946 986 3005 apostolum
1000 2948 1030 2992 sit

152 3018 246 3074 repente
258 3019 358 3060 mutatus
373 3034 383 3056 a
396 3016 428 3075 (S.
445 3017 529 3075 Hier).
546 3017 697 3061 Nominantur
707 3014 823 3074 publicani
837 3017 872 3060 illi
882 3018 921 3076 qui
936 3017 1028 3076 publica

153 3086 275 3144 vectigalia
284 3086 372 3130 habent
380 3087 497 3141 conducta,
510 3102 582 3145 genus
592 3088 712 3130 hominum
722 3087 783 3146 apud
793 3088 886 3133 ludaeos
896 3089 1028 3148 despectum

151 3159 225 3214 valde,
241 3159 365 3218 quodcum
377 3158 497 3214 vectigalia
510 3174 524 3202 6
537 3157 643 3203 Romanis
656 3158 761 3217 imposita
775 3159 891 3216 exigerent
904 3161 1028 3205 66166116-
