2239 3511
133 164 172 203 504
461 168 537 198 narra.
553 158 586 206 lt,
602 156 671 197 18-19.
695 219 699 227 ¹

131 256 186 302 dam
196 273 237 318 per
251 258 348 318 speciem
361 256 495 309 sanctitatis,
508 252 620 315 quosdam
632 268 674 314 per
683 254 744 298 viam
755 253 927 309 familiaritatis3
939 255 1002 299 loan-

131 343 185 382 nem¹
195 331 217 371 et
231 327 351 372 Dominum
364 327 406 372 has
415 327 472 372 duas
482 325 534 378 ¹vias
546 326 605 370 inter
617 339 640 370 se
653 323 765 379 divisisse,
778 324 840 368 viam
847 325 897 369 scil.
909 321 1002 368 austeri-

129 399 180 441 tatis
189 402 213 441 et
222 398 284 443 viam
295 398 407 453 leuitatis;
418 397 512 443 ludaeos
520 385 598 442 auteni
609 398 690 446 neutro
703 396 805 456 exemplo
815 409 862 440 esse
873 409 1000 439 conversos.

129 471 204 513 Potest
215 470 305 528 quaeri,
322 484 363 514 our
373 461 469 515 loannes*
478 468 522 514 hac
531 468 579 522 via,
591 468 637 513 alia
650 471 710 512 lesus
719 480 771 512 usus
783 465 860 511 inerit.
874 464 1001 530 Respondet

114 543 116 546 ’
130 540 153 583 S.
175 540 274 599 Cyrr'llas
284 540 340 584 alex.
356 555 361 586 ε
381 559 392 581 «
402 535 499 585 decebat
510 542 621 584 loannem
634 541 752 598 tamquam
766 551 856 583 servum
866 551 905 597 per
920 536 999 580 duram

131 611 256 656 admodum
265 612 378 656 rationem
386 612 446 656 vitae
456 610 584 656 affectiones
592 610 667 670 earnis
675 609 823 664 mortificare;
835 612 858 653 et
866 607 1000 668 praedicans

129 682 246 742 baptisma
257 682 410 743 poenitentiae
418 683 517 741 figuram
526 696 550 728 se
559 681 634 742 ipsum
644 681 750 742 praebuit
757 680 837 738 lugere
849 679 995 732 debentibus;

131 754 239 798 Dominus
252 769 306 799 vero
317 768 416 812 regnum
429 754 545 799 coelorum
552 753 698 814 praedicans,
710 753 792 798 merito
807 749 963 817 remissionem
973 764 999 793 ao
1038 777 1039 780 =

128 824 238 869 laetitiam
248 826 273 869 in
285 841 307 870 se
317 826 432 880 exhibuit,
445 840 486 884 per
499 839 569 884 quam
578 825 685 870 fidelihus
693 825 794 870 futuram
808 823 878 868 vitam
890 820 994 867 ineffabi-

83 929 85 932 .
116 892 173 944 ,lem
182 890 301 954 descripsit
315 913 325 935 a
340 896 380 955 (M.
397 895 497 954 aanor).
506 896 567 940 Alias
577 895 676 940 rationes
684 895 751 940 affert
765 896 789 939 S.
801 895 892 949 Tbonz.;
902 895 995 938 Ioannes

127 965 191 1011 nulla
203 966 303 1011 faciebat
314 966 436 1021 miracula,
449 980 504 1023 ergo
514 966 573 1011 vitae
587 966 716 1011 austeritate
731 964 890 1011 commendare
900 964 997 1018 debebat

127 1051 194 1081 snum
206 1037 373 1092 testimonium,
383 1037 484 1083 Christus
494 1041 569 1082 autem
575 1040 639 1085 achis
648 1050 699 1082 suos
706 1035 858 1081 confirmabat
867 1034 995 1088 miraculis;

128 1109 220 1153 loannes
226 1108 271 1153 fuit
276 1109 329 1152 finis
339 1109 421 1174 veteris
428 1099 556 1154 testamenti
566 1109 603 1153 eui
612 1108 693 1166 gravia
699 1107 884 1167 imponebantur,
895 1105 997 1150 Christus

127 1178 217 1223 initium
230 1193 301 1224 novae
313 1179 371 1238 legis
382 1194 440 1239 quae
453 1179 556 1240 procedit
565 1194 607 1239 per
615 1179 676 1223 viam
686 1178 873 1224 mansuetudinis.
885 1177 992 1236 apposite

127 1264 219 1309 quoque
228 1254 306 1296 monet
315 1252 376 1295 Iena.
392 1250 494 1296 homines
509 1251 635 1308 generatim
648 1250 707 1309 vitae
722 1249 875 1294 austeritatem
886 1248 1006 1293 admirari*

83 1342 85 1346 ν
127 1321 210 1373 solere;
225 1321 286 1366 unde
295 1322 381 1366 factum
390 1335 437 1366 esse
444 1321 522 1367 diviua
529 1320 707 1381 dispensatione,
720 1322 745 1365 ut
753 1335 779 1365 ea
790 1320 914 1364 sanctitatis
921 1320 996 1380 specie

128 1391 413 1446 hominesuaddueereutur
429 1392 459 1436 ad
476 1391 615 1436 credendum
631 1391 679 1436 eius
697 1390 782 1446 verbis3
802 1404 876 1449 neque
890 1393 996 1450 Ioannem

127 1462 178 1510 ideo
189 1476 235 1506 esse
245 1463 350 1524 missum,
362 1464 459 1507 ut‘vitae
469 1463 517 1507 eius
527 1463 655 1521 exemplum
667 1475 746 1508 omnes
758 1462 910 1515 imitarentur,
922 1461 961 1505 sed
971 1466 996 1505 ut

126 1532 281 1578 testimonium
293 1533 425 1592 perhiberet
436 1533 572 1587 delumine,
585 1533 615 1578 ad
626 1533 688 1593 quod
700 1533 741 1578 illa
750 1533 881 1577 austeritate
895 1533 995 1577 auctori-

126 1607 195 1648 tatem
215 1603 259 1648 sibi
273 1595 450 1664 [comparaverit.
470 1603 540 1649 Aliter
554 1604 582 1648 de
604 1604 703 1659 Ghristc;
722 1603 770 1649 eius
788 1604 851 1651 vitae,
866 1604 1015 1663 exemplum·

126 1674 231 1720 omnibus
244 1675 341 1735 proponi
350 1675 379 1720 ad
388 1675 528 1735 exemplum3
543 1675 590 1721 eius
599 1675 699 1720 officium
707 1675 826 1735 proprium
836 1674 904 1720 fuisse
917 1689 995 1720 omnes

126 1745 155 1789 ad
170 1760 193 1791 se
205 1746 309 1801 trahere,
327 1746 388 1806 quod
404 1746 560 1791 efficacissime
572 1745 622 1791 fieri
639 1746 739 1805 potuerit
756 1746 943 1805 attemperatione
959 1744 994 1790 sui
1012 1797 1014 1802 ¹

83 1841 85 1844 -
101 1825 102 1828 ’
126 1819 149 1859 et
159 1815 349 1862 condescensione
360 1831 411 1861 cum
425 1817 539 1861 omnibns.

155 1887 231 1931 Iudaei
250 1886 343 1946 quidem
357 1889 480 1931 mammam
498 1891 588 1946 partem
607 1888 734 1947 (generatio
749 1888 801 1947 ista)
818 1891 915 1947 utroque
934 1889 993 1933 vitae

125 1971 209 2013 genere
222 1958 303 2001 offensi
316 1960 369 2002 sunt
378 1971 418 2001 sua
430 1958 533 2017 ipsorum
543 1957 630 2010 malitia
643 1972 669 2002 ac
679 1958 816 2018 pervicacia;
832 1961 855 2002 at
870 1958 910 2018 qui
924 1963 991 2003 abeo

124 2031 189 2072 erant
201 2027 285 2082 edocti,
299 2028 490 2088 sapientissimum
503 2029 541 2073 Dei
551 2028 672 2075 consilium
683 2028 709 2074 in
723 2030 820 2088 utroque
833 2033 988 2087 agnoverunt;

78 2117 83 2119 ·
124 2107 145 2142 ct
153 2099 278 2156 iustificata
285 2099 436 2158 estaape'eate'c
444 2113 458 2142 a
463 2099 584 2156 filiastram·
592 2099 658 2144 lectio
668 2097 709 2141 ἀπὸ
719 2095 760 2141 cdi
768 2101 844 2141 τέκνων
853 2101 887 2144 uti
896 2115 991 2144 numero

123 2170 214 2214 testium
224 2158 293 2226 louge
307 2170 394 2214 maiore
408 2169 589 2225 commendatur,
605 2170 637 2214 ita
649 2171 736 2229 pariter
744 2170 848 2215 firmatur
864 2174 916 2215 Luc.
929 2175 989 2227 7,35.

123 2240 173 2285 Filii
184 2243 260 2284 autem
273 2240 396 2299 sapientiae
409 2244 463 2285 noto
478 2241 607 2285 hebraismo
621 2245 674 2285 sunt
686 2242 810 2301 sapientes,
824 2241 987 2299 intelligentes,

122 2311 205 2370 quibus
215 2311 327 2371 sapientia
340 2326 387 2356 sese
397 2311 574 2356 communicavit
583 2327 621 2356 ecs
633 2314 697 2371 quasi
707 2313 804 2370 gignens
813 2316 835 2357 et
847 2314 871 2357 iu
886 2327 909 2357 sc
918 2315 989 2358 trans-

121 2382 222 2427 formans
231 2382 268 2441 (ct.
280 2382 350 2426 aare.
369 2383 446 2427 Tbom.
461 2384 521 2427 Iena.
532 2385 588 2442 Lep.
604 2385 685 2441 Lamp,
699 2383 798 2443 Seteqp,
810 2382 871 2442 Fata
888 2384 914 2427 iis
928 2389 987 2429 oerte
1029 2432 1031 2435 ,

89 2478 92 2481 -
122 2452 288 2497 adnumerandi
301 2456 354 2496 sunt
365 2452 461 2511 apostoli
474 2452 505 2511 (S.
520 2454 581 2497 Hier.
593 2454 673 2498 Pescla
686 2455 725 2497 Br.
740 2453 815 2512 Dion.)
825 2456 851 2497 'ct
861 2456 986 2511 generatim

122 2524 161 2581 qui
175 2522 262 2567 Christo
278 2521 424 2567 crediderunt
445 2524 476 2580 (S,
492 2523 558 2582 Hc‘l.)⁴
576 2524 661 2568 Dicitur
675 2527 751 2568 autem
769 2524 882 2584 sapientia
900 2521 990 2585 sapien?

49 2597 51 2600 ’
120 2595 159 2638 Dei
173 2592 302 2650 consilium,
320 2595 410 2654 sapiens
421 2594 511 2639 divinae
526 2595 682 2654 providentiae
698 2595 815 2655 dispositio
832 2611 877 2656 qua
887 2611 985 2654 regnum

48 2661 50 2665 ’
120 2664 256 2709 messianum
270 2668 375 2710 a'loanue
384 2680 409 2709 eo
423 2666 483 2711 vitae
497 2680 582 2724 genere
595 2668 737 2724 annuntiari,
749 2683 763 2712 a
772 2668 860 2712 Christo
873 2668 916 2711 alio
927 2669 985 2713 vitae

120 2743 204 2792 genere
213 2736 293 2781 induci
302 2737 374 2781 voluit
383 2736 420 2796 (cf.
432 2736 504 2781 Mola.
515 2725 572 2782 Bam
580 2740 636 2798 Lep.
648 2741 728 2799 Lamp,
740 2739 803 2798 Fi).
812 2741 869 2782 Haec
877 2738 986 2796 sapientia

120 2806 307 2864 iurtc'ficataesti.
322 2823 341 2852 e.
358 2811 478 2868 tamquam
491 2823 545 2854 vera
554 2810 666 2870 sapientia
677 2811 769 2869 agnita,
788 2809 902 2853 declarata
916 2814 958 2865 est,
974 2827 986 2855 a

116 2875 241 2927 ⁴calumniis
257 2882 278 2922 et
297 2879 385 2923 malitia
399 2892 559 2938 perversorum
574 2881 689 2926 vindicata
704 2883 747 2934 est,
764 2899 774 2921 a
789 2879 824 2923 vel
840 2878 987 2926 admirationi

118 2945 200 2991 habita
209 2950 252 3002 est,
268 2963 325 3008 qnae
336 2950 445 3009 disposuit
455 2954 480 2994 ut
494 2951 595 2996 Christus
606 2954 627 2995 et
641 2954 736 2996 loannes
751 2951 860 3011 oppositis
872 2950 914 2994 viis
926 2952 992 2997 inae:

121 3017 201 3063 darent
216 3022 308 3078 propter
328 3021 401 3079 ipsam
419 3022 539 3066 hominurn
555 3022 704 3066 utilitatem»
722 3021 819 3082 (Ereta).
841 3024 899 3066 Haec
916 3022 991 3080 igitur

121 3089 217 3147 agnitio,
233 3089 381 3150 approbatio,
397 3091 446 3135 laus
463 3092 560 3149 contigit
575 3082 698 3150 sapientiae
712 3107 726 3137 a
741 3098 806 3153 parte
818 3088 875 3155 (ἀπὸ)
887 3092 987 3139 filiorum
