2211 3575
417 190 419 192 ’
441 224 516 254 aaran.
532 215 552 261 a,
568 214 612 252 n-a.
769 235 770 238 η
790 183 791 187 ’
933 213 967 253 lu
1050 233 1052 247 .

54 329 56 334 “
81 315 221 376 poenitentia
234 328 281 360 esse
295 314 461 375 acquirendum
475 314 548 369 docet,
560 329 607 359 non
617 314 667 381 iure
677 312 779 374 quodam
792 312 918 357 nativitatis
930 312 966 357 vel
1050 323 1051 326 ’

80 386 199 447 nobilitate
209 386 308 443 generis.
318 389 363 430 Hac
373 401 419 431 nna
428 388 483 431 voce
493 387 577 431 fastum
588 385 726 430 ludaeorum
740 384 858 444 deprimit.
870 384 965 429 Notione

81 457 141 503 enim
154 457 220 515 regni
232 456 278 512 Dei,
294 472 333 502 seu
344 457 440 501 dominii
450 457 489 501 Dei
506 457 574 501 simul
590 458 668 501 omnia
682 456 723 501 illa
737 458 800 501 bona
814 456 966 501 includuntur
1029 486 1030 490 =

81 543 139 589 quae
152 533 208 574 Deus
221 529 321 586 gratuito
332 529 397 573 nobis
405 530 522 586 praestare
535 527 635 571 intendit
645 527 684 586 (oi.
696 528 805 593 Dabana,
816 531 893 572 Worte
904 531 962 585 lesu,

80 617 103 661 p.
112 599 171 660 112).
183 602 287 645 Ceterum
301 600 353 644 vide
367 613 427 657 quae
437 598 465 642 de
476 600 586 656 conceptu
600 599 665 655 regni
675 597 714 642 bei
722 598 887 656 disputat‘Rose
901 601 923 642 0.
936 601 961 643 P.

79 672 104 729 in
116 671 232 731 periodieo
245 674 323 716 Revue
336 669 446 728 biblique
456 672 512 714 1899
525 683 549 727 p.
565 672 607 713 3ta
620 682 667 728 seq.

106 843 173 885 Etiam
182 843 359 896 apudsoriptores
368 842 462 882 iudaicos
469 841 493 881 'in
501 842 597 882 talmude
604 843 812 894 regnumcoelorum
822 851 885 885 nanti
896 834 962 886 niatu

80 910 200 961 frequenter
214 910 342 959 usurpatum
354 907 411 947 locos
423 906 513 947 'exhibet
527 905 644 961 Ltqbtfoot,
661 910 728 948 Horae
745 908 804 948 hebr.
817 907 843 948 ad
861 909 882 948 h.
899 908 925 958 l.;
943 913 963 949 et

78 975 195 1027 generatim
210 976 284 1014 notum
303 975 335 1013 est
351 974 448 1025 tempore
464 972 540 1013 Christi
554 972 580 1013 in
595 984 635 1013 usu
652 973 718 1013 fuisse
734 976 756 1013 ut
768 985 806 1026 pro
822 974 910 1014 nomine
923 975 961 1015 Dei

80 1052 117 1081 seu
131 1040 193 1080 Iahve
207 1040 323 1091 poneretur
338 1046 408 1087 nahar,
424 1038 460 1089 qui
476 1049 529 1078 usus
546 1037 590 1077 iam
606 1038 701 1079 cernitur
716 1029 773 1078 Dan.
785 1039 844 1087 4333
863 1041 873 1079 l
894 1040 959 1080 blech.

78 1105 170 1154 anubin
182 1104 275 1152 arom
287 1105 346 1152 9‚lb;
359 1104 426 1151 ibib.
439 1103 489 1142 Eius
500 1113 552 1142 usus
564 1104 660 1155 exempla
670 1104 762 1156 alternat
774 1102 881 1155 Wtiaaebe,
892 1116 914 1156 p.
927 1105 960 1159 17,

78 1163 121 1209 Ed.
132 1170 170 1221 lp.
180 1169 227 1217 267,
239 1166 329 1208 Solatirer
338 1168 357 1206 ll
368 1180 390 1219 p.
403 1168 450 1216 539,
462 1166 560 1218 Dabana,
572 1166 624 1207 Rosa
635 1168 650 1206 l.
664 1180 682 1207 c.
696 1180 717 1220 p.
730 1169 776 1208 351.
790 1169 857 1216 Quare
872 1181 960 1210 censen-

78 1236 129 1276 dum
143 1235 182 1274 erit
192 1246 241 1274 cum
251 1231 352 1283 Dalanda,
364 1232 415 1272 Rosa
428 1243 518 1285 regnum
532 1231 634 1273 coelorum
648 1234 704 1286 apud
716 1234 789 1274 llatth.
807 1246 853 1274 esse
869 1235 960 1275 locutio-

77 1312 127 1341 nem
143 1299 281 1351 primitivam,
296 1298 419 1351 genuinam,
435 1291 501 1350 quam
515 1293 597 1338 Marcus
611 1300 632 1337 et
645 1299 712 1338 Lucas
727 1310 765 1351 pro
781 1299 862 1351 graecis
877 1311 960 1355 expres-

78 1366 145 1421 serint
154 1376 242 1417 regnum
252 1362 298 1404 bet.
310 1364 389 1404 Verum
399 1359 492 1415 utraque
501 1363 580 1403 locutio
594 1374 682 1404 sensum
696 1363 790 1403 eundem
802 1363 894 1405 exhibet.
908 1365 960 1406 Gum

77 1431 150 1482 itaque
159 1441 210 1470 usus
218 1428 325 1470 eiusmodi
335 1428 436 1479 loquendi
447 1427 567 1476 invaluerit,
580 1419 644 1469 dubia
653 1428 751 1470 redditur
761 1429 813 1469 ratio
823 1429 861 1470 illa
873 1429 958 1471 allald.

77 1495 173 1535 adducta.
554 1512 555 1515 ¹

106 1664 149 1705 Cur
166 1651 242 1705 autem
262 1660 363 1718 baptista
378 1659 411 1703 ita
430 1659 565 1717 praedicare
583 1660 685 1718 potuerit
702 1674 728 1704 ac
744 1660 857 1714 debuerit,
874 1662 958 1721 probat

76 1731 218 1788 evangelista
233 1745 275 1790 pro
293 1744 412 1774 moresne
429 1745 455 1773 ex
472 1730 564 1774 oraculo
580 1733 607 1774 rs.
627 1735 690 1785 to,3;
703 1731 774 1775 verba
786 1733 848 1775 enim
860 1732 902 1776 illa
913 1734 957 1778 hoc

75 1803 124 1847 loco
134 1802 231 1859 allegari
241 1815 289 1846 non
299 1799 388 1859 abipso
402 1804 487 1844 Ioanne
498 1800 541 1860 (uti
552 1803 628 1845 censet
641 1800 711 1845 nara.
724 1805 746 1846 et
758 1802 825 1846 valde
837 1803 957 1862 probabile

75 1874 165 1918 videtur
179 1873 202 1917 S.
222 1872 361 1932 Aacqusttbo,
379 1872 408 1916 de
428 1886 490 1916 cons.
505 1887 539 1916 ev.
559 1876 620 1925 2,st
638 1876 678 1928 253
695 1874 726 1920 M.
741 1874 860 1932 anabau),
875 1875 920 1919 sed
928 1876 961 1929 ab¹

9 1939 11 1942 ¹
76 1944 215 2001 evangelista
234 1943 319 1999 afferri,
339 1958 365 1987 ex
383 1943 452 1987 modo
468 1943 578 2002 loquendi
595 1943 631 1987 bic
650 1952 682 1988 eat
703 1944 765 1989 eaba
783 1945 836 1989 satis
852 1951 955 2005 apparet.

76 2015 197 2060 Oraculum
215 2014 276 2059 illud
292 2015 377 2058 directe
393 2017 415 2059 et
428 2030 470 2074 per
483 2029 507 2059 se
523 2015 589 2074 quasi
606 2015 750 2074 prooemium
766 2019 799 2060 est
812 2031 858 2075 quo
871 2017 957 2061 instau-

74 2087 131 2132 ratio
145 2086 285 2132 theooratiae
298 2087 327 2130 ab
339 2086 397 2130 lsaia
410 2086 572 2149 annuntiatum
591 2086 655 2130 illam
671 2090 749 2131 antem
767 2087 956 2133 instaurationem

74 2157 173 2214 intelligi
180 2156 325 2212 messianam,
339 2156 415 2200 statim
423 2156 504 2215 pandit
517 2171 581 2201 sacer
591 2160 652 2201 vates
662 2161 689 2202 Is.
702 2161 754 2212 h0,5
769 2173 773 2203 :
786 2162 808 2202 et
817 2159 957 2205 revelabitur

74 2229 148 2285 gloria
157 2227 246 2272 Domini
260 2230 283 2270 et
294 2227 382 2271 videbit
392 2228 465 2271 oninis
477 2243 533 2271 caro
541 2228 627 2286 pariter
638 2229 700 2286 quod
714 2244 738 2272 os
748 2229 838 2273 Domini
853 2230 955 2274 locutum

74 2302 115 2355 est,
132 2299 201 2358 idque
219 2313 244 2342 ex
260 2301 308 2341 toto
332 2313 423 2357 quoque
444 2298 550 2341 vaticinio
571 2299 781 2358 (praesertimoap.
800 2303 835 2343 bb.
855 2303 882 2343 hb
900 2302 953 2361 eto.)
1031 2330 1037 2337 .

74 2370 202 2427 colligitur3
219 2369 271 2413 vide
285 2383 342 2428 quae
356 2368 384 2412 de
399 2383 424 2412 ea
437 2384 462 2412 re
476 2368 522 2412 dixi
536 2369 561 2413 in
573 2373 696 2414 comment.
714 2373 741 2414 Is.
760 2373 778 2414 ll
791 2386 813 2429 p.
833 2374 869 2415 67.
886 2372 954 2417 isaias
969 2396 970 2399 =

74 2442 135 2486 enim
150 2440 246 2485 maxime
256 2440 284 2484 ob
297 2439 374 2484 oculos
384 2440 454 2484 habet
466 2442 511 2484 iam
526 2445 578 2495 aba
592 2456 639 2499 seq.
653 2442 778 2501 perfectam
792 2441 953 2490 liberationem

73 2513 217 2567 messianum,
231 2512 259 2556 ad
272 2526 342 2571 quam
355 2512 418 2571 prior
427 2512 469 2556 illa
478 2527 504 2556 ex
515 2511 642 2570 Babylonia
658 2516 725 2557 tenue
735 2513 852 2572 quoddam
862 2515 953 2560 initium

52 2642 53 2645 Ἰ
73 2600 99 2629 ae
108 2585 195 2644 primus
207 2584 278 2627 veluti
293 2583 379 2641 gradus
392 2586 432 2627 est.
447 2583 517 2639 Unde,
535 2584 553 2629 si
568 2599 680 2643 unquam,
691 2589 743 2628 ante
753 2585 854 2630 blessiam
872 2587 954 2645 inquo

73 2654 253 2713 gloriabamini
270 2654 369 2698 maxime
380 2655 495 2700 revelatur
508 2658 530 2699 et
539 2670 581 2714 per
593 2671 661 2715 quem
680 2657 754 2700 omnis
771 2671 823 2699 caro
839 2656 904 2700 illam
921 2658 954 2701 vi-

73 2726 126 2771 dere
150 2726 225 2780 debet,
252 2740 296 2769 uon
320 2724 442 2769 clamantia
467 2730 488 2770 et
511 2726 539 2770 ad
564 2726 625 2770 viam
650 2727 744 2770 Domino
769 2727 953 2784 praeparandam

71 2797 189 2842 invitantis
204 2796 283 2842 debuit
296 2796 380 2841 audiri.
395 2796 487 2840 Accedit
501 2797 563 2855 quod
575 2797 599 2840 in
614 2797 689 2855 priore
706 2797 852 2851 liberatione,
867 2799 881 2843 i.
895 2814 915 2843 e.
929 2800 954 2843 in

72 2868 205 2913 reductione
216 2884 242 2912 ex
252 2868 330 2913 exsilio
341 2868 398 2911 nihil
409 2867 521 2912 eiusmodi
530 2869 616 2911 factum
628 2882 675 2912 esse
686 2868 784 2926 legitur;
797 2869 859 2913 unde
868 2886 894 2914 eo
904 2870 954 2915 ma-

72 2940 107 2997 gis
121 2940 226 2996 cognosci
239 2939 314 2999 potuit
329 2954 356 2984 ae
374 2938 453 2983 debuit
473 2939 544 3003 verba
560 2938 602 2983 illa
617 2941 743 3000 prophetae
760 2943 812 2985 ante
828 2941 953 2986 adventum
973 2965 975 2968 v

72 3010 161 3056 blessiae
182 3011 322 3069 impleantur
340 3013 454 3070 oportere.
472 3001 539 3069 Apud
557 3011 639 3056 lsaiani
661 3016 755 3071 proptor
774 3011 953 3071 parallelismum

71 3081 215 3140 iungendum
225 3082 317 3126 videtur
329 3098 333 3127 :
346 3097 388 3125 vox
401 3082 519 3126 clamantis
531 3097 535 3127 :
547 3073 571 3125 in
586 3082 676 3127 deserto
687 3087 766 3142 parate
782 3085 842 3127 viam
853 3083 951 3136 Domini,

72 3157 143 3197 rectas
163 3152 229 3198 facito
245 3153 270 3196 in
290 3153 414 3198 solitudine
430 3153 522 3198 semitas
539 3153 578 3198 Dei
595 3155 675 3199 nostri.
696 3158 801 3199 Ceterum
822 3169 900 3199 sensus
916 3154 952 3198 vin
