2211 3575
491 243 566 282 111111.
584 236 603 289 5,
619 242 639 281 3,
852 235 855 238 ”
970 242 1009 282 333

123 339 187 398 galas
202 339 255 386 illae
271 340 373 397 divitiae,
388 341 466 399 regius
482 341 522 386 ille
540 341 656 401 splendor,
672 340 776 386 thesauri
792 338 827 384 illi
845 339 952 384 immensi
967 339 1007 399 qni

123 411 185 472 apud
195 414 265 456 Deum
276 411 414 457 conduntur.
426 413 555 458 Donrinatiu
566 413 628 457 enim
639 414 677 457 Dei
689 416 771 457 cuncta
780 411 879 457 includit
888 411 958 456 bona,

100 546 102 550 .
149 526 189 572 Qui
196 527 239 566 sint
248 537 355 579 pauperes
365 526 448 579 spiritu,
460 526 551 566 ulterius
562 526 681 566 declaratur
690 537 715 565 ex
726 537 751 566 eo
762 527 819 577 quod
831 526 926 567 Christus
937 526 963 566 de
975 526 1006 566 di-

122 590 203 632 vitibus
215 591 266 631 diolt
276 593 326 633 Luc.
339 593 388 641 624
400 604 404 631 :
415 602 480 631 vae„
494 591 638 644 quiarhabetis
652 580 821 630 consolationem
832 593 930 630 vestram.
943 592 1004 631 Unde

122 668 159 697 vae
167 656 209 697 illis
218 656 296 697 dicitur
307 658 345 710 qui
352 657 524 711 consolationem
532 648 598 705 suain,
609 657 678 696 totam
689 655 845 696 beatitudinem
854 655 877 695 in
886 655 972 704 divitus,
983 657 1005 694 in

122 733 162 762 usu
173 734 251 776 rerum,
263 724 287 762 in
297 722 383 763 deliciis
392 724 413 761 et
421 721 567 774 voluptatibus
577 733 632 772 quae
646 722 726 762 divitiis
736 724 887 773 comparantur
897 724 1004 774 quaerunt

89 820 90 823 ,
122 791 143 827 et
153 788 262 828 collocant.
275 788 343 836 Quare
355 798 397 827 non
409 777 485 827 dirites
497 798 573 827 omnes
584 787 777 838 reprehenduntur,
788 787 829 835 sed!
838 788 853 826 ii
865 788 901 838 qui
912 787 1003 826 beatita-

121 855 165 893 tem
176 863 237 893 suam
249 853 270 892 in
285 853 311 892 iis
325 855 434 904 reponunt
448 855 469 893 et
482 852 544 905 proin
560 852 655 893 studium
670 856 691 893 et
705 852 835 893 desiderium
851 864 923 893 rerum
933 853 1004 892 coele-

122 918 185 959 stium
195 918 312 971 negligunt,
326 918 413 959 Talibus
426 920 566 972 opponuntur
575 930 677 973 pauperes
686 917 769 971 spiritu,
782 919 819 970 qui
829 918 895 970 igitur
907 919 1002 958 animum

122 987 143 1025 et
154 977 253 1025 allectum
267 996 279 1024 a
292 985 357 1025 rebus
371 985 413 1024 illis
427 975 490 1024 tluxis
503 984 583 1024 habent
597 984 703 1033 avulsum,
716 996 767 1036 opes
781 985 868 1025 fallaces
884 987 905 1024 et
918 984 1002 1024 divitias

89 1083 95 1090 s
121 1054 174 1101 quae
186 1061 249 1101 saepe
260 1052 310 1090 sunt
317 1049 421 1090 vitiorum
427 1050 566 1090 incitamenta
576 1052 597 1089 et
603 1050 710 1090 lenocinia
720 1052 867 1096 contemnunt,
877 1049 903 1089 iis
909 1049 1002 1089 libenter

120 1126 205 1166 quoque
214 1117 301 1166 propter
311 1116 379 1155 Denm
391 1118 469 1155 carent.
480 1116 549 1166 Atque
560 1126 633 1155 veram
644 1118 793 1167 paupertatem
804 1108 850 1156 esse
861 1115 955 1168 primurn
965 1128 1001 1155 ve·
1068 1145 1071 1160 1

120 1180 159 1219 luti
169 1190 268 1232 gressum
278 1179 304 1219 ad
312 1179 476 1231 perlectionem,
486 1179 581 1219 Christus
589 1180 649 1219 docet
657 1180 758 1220 iuvenem
769 1180 831 1220 illum
840 1193 844 1220 :
854 1181 911 1221 siris
920 1182 1001 1232 perlec-

119 1248 152 1285 tus
169 1256 222 1292 esse,
234 1245 295 1292 vade,
308 1244 377 1285 vende
393 1256 448 1296 quae
461 1245 527 1285 habes
541 1245 601 1285 etde
614 1245 744 1297 pauperibus
757 1248 777 1286 et
790 1246 849 1294 veni,
864 1257 953 1298 sequere
966 1257 1000 1286 me

119 1310 201 1362 (Matth.
214 1309 283 1362 leat)
292 1312 356 1361 atque
365 1310 483 1362 generatim
494 1322 532 1362 pro
543 1310 644 1350 omnibns
655 1312 728 1350 monet
737 1310 879 1353 sollieitudine
890 1311 967 1351 saeculi
977 1314 999 1351 et

118 1374 202 1414 fallacia
212 1374 338 1415 divitiarum
347 1374 447 1414 suffocari
456 1375 546 1414 verbum
557 1376 577 1414 et
585 1374 632 1414 sine
641 1375 711 1415 fructu
719 1374 843 1423 effici‚sicut
850 1386 923 1416 semen
934 1376 1000 1426 spinis

119 1438 199 1492 (iletth.
213 1439 365 1492 1333131111
380 1442 438 1480 certo
452 1439 566 1492 colligitur,
579 1441 652 1491 quales
666 1451 770 1492 pauperes
784 1439 879 1481 Christus
892 1441 966 1481 beatos
980 1443 1001 1481 et

119 1505 193 1557 dignos
201 1495 267 1558 regno
276 1504 394 1556 praedicet.
406 1506 476 1556 Atque
485 1505 511 1544 de
522 1507 649 1557 paupertate
658 1507 741 1545 textum
751 1508 858 1557 exponunt
869 1504 891 1546 S.
906 1504 1000 1546 Basilius

99 1612 101 1615 ,
118 1570 169 1623 (reg.
177 1571 235 1610 brev.
243 1571 281 1610 305
288 1569 329 1618 ;·ltl.
338 1570 443 1623 aldati),
455 1568 594 1620 caeromeniis,
605 1568 689 1625 Greqor.
699 1584 754 1625 nyss.
763 1570 837 1610 Puscb.
844 1570 881 1610 Br.
889 1571 998 1619 desolatus

117 1633 173 1675 totid.
185 1632 360 1686 Aremoricae.
376 1635 447 1676 Tlronr.
460 1633 526 1676 Solae.
538 1633 582 1689 cat.
594 1634 651 1675 Iuor.
663 1635 728 1676 rltold.
739 1635 774 1687 So,
786 1635 867 1684 Eritne,
882 1635 933 1690 Lep,
945 1637 997 1677 Bur.

116 1700 175 1754 Sylv.
186 1699 240 1740 Men.
253 1700 295 1740 t'ir.
307 1699 373 1741 Galat.
385 1698 427 1741 Fit.
436 1700 492 1740 Satis
502 1701 926 1753 111111111111111111111111111111111111111,
937 1702 963 1742 de
971 1702 998 1742 iis

116 1767 154 1819 qui
165 1766 209 1806 sint
218 1766 295 1819 spiritu
305 1765 398 1806 humiles
409 1768 430 1806 et
440 1765 537 1813 contriti3
549 1766 578 1806 ita
588 1764 610 1806 S.
620 1764 665 1805 Hit.
678 1764 750 1819 Clirqs.
762 1765 829 1806 Eatb.
843 1765 933 1821 Tlieopl.
947 1767 997 1808 Gre-

116 1831 192 1886 portas,
201 1833 273 1872 bloral.
282 1832 344 1878 1637
353 1830 388 1884 (M.
399 1831 491 1882 roais),
501 1829 521 1870 Z
523 1830 618 1871 uolturios
627 1829 722 1885 ebrqrop.
730 1834 751 1871 et
759 1832 886 1884 praesertim
897 1830 919 1872 S.
928 1831 999 1886 Aequ-

116 1897 181 1938 stinus
191 1896 223 1950 (de
232 1909 294 1938 serm.
304 1897 418 1937 Dominiin
424 1899 495 1937 monte
503 1895 610 1945 l,r.3;ll.
621 1892 724 1949 311131).
734 1897 774 1937 Alii
781 1899 895 1948 utramque
903 1898 997 1949 expliea-

61 2001 63 2004 .
115 1964 196 2003 tionem
203 1963 362 2014 depaupertate
371 1964 391 2002 et
397 1962 518 2019 humilitate
525 1962 661 2002 coniunctam
668 1965 799 2014 proponunt,
807 1962 838 2003 uti
846 1961 869 2002 S.
878 1961 997 2003 Arubrorius

116 2031 138 2069 in
148 2029 237 2068 euhoe.
247 2028 335 2067 libb’n.
345 2028 378 2067 53.
388 2028 423 2076 51;
433 2025 455 2067 S.
465 2026 667 2078 Leo‚serm.tib;ltlr
680 2028 765 2077 51,1111;
775 2026 796 2067 S.
809 2026 866 2067 Hier.
879 2026 932 2068 Bed.
942 2027 994 2071 aco,
1070 2037 1071 2040 ’

115 2093 143 2148 qt.
154 2092 198 2133 ord.
208 2091 282 2133 Porcl.
296 2091 422 2132 1111111111,
435 2096 498 2144 atque
508 2104 571 2132 nenio
582 2092 669 2144 negabit
678 2104 727 2132 euin
739 2094 775 2144 qui
787 2093 882 2133 animum
894 2106 906 2133 a
916 2106 996 2145 pompa

116 2163 136 2200 et
146 2160 200 2199 fastu
212 2158 337 2199 divitiarum
344 2157 440 2198 alienum
450 2159 506 2210 gerit
514 2161 535 2198 et
545 2169 619 2198 rerum
627 2158 717 2210 penuria
724 2158 804 2198 laborat
811 2159 854 2198 ianr
862 2159 941 2210 optime
949 2171 996 2200 esse

115 2225 241 2277 dispositum
251 2224 278 2263 ad
288 2235 360 2263 veram
369 2224 436 2263 animi
447 2223 601 2263 humilitatem,
611 2225 635 2262 Et
645 2224 755 2274 quomodo
765 2224 872 2264 anotione
882 2228 996 2275 pauperta-

115 2291 141 2330 tis
152 2289 220 2329 facilis
231 2289 258 2328 sit
268 2288 370 2336 transitus
381 2289 407 2328 ad
415 2287 560 2327 humilitatem
572 2288 682 2339 facilisque
694 2291 714 2327 et
726 2288 800 2339 obvius
812 2300 888 2334 nonus,
899 2289 994 2329 ostendit

114 2367 165 2407 ng.
180 2352 201 2394 S.
214 2351 307 2393 Basilius
321 2343 404 2403 (homil.
416 2352 438 2392 in
453 2354 486 2392 Ps.
502 2353 563 2392 3311.
578 2354 600 2401 53
614 2352 641 2392 iu.
656 2352 742 2407 39361)
753 2354 790 2404 qui
800 2356 917 2407 postquam
931 2355 995 2395 verba

114 2421 187 2461 nestra
197 2420 222 2460 de
233 2421 360 2471 paupertate
370 2418 474 2471 explicuit
485 2418 553 2470 pergit
565 2431 569 2457 :
583 2433 592 2454 «
604 2418 678 2469 siquis
689 2418 755 2471 igitur
765 2431 777 2458 a
787 2421 859 2458 saneto
870 2421 891 2458 et
900 2419 994 2471 benigno

114 2486 194 2538 Spiritu
203 2486 280 2525 ductus
290 2485 314 2524 in
324 2485 439 2536 semetipso
448 2495 492 2524 non
503 2484 578 2532 elatus,
589 2484 627 2523 sed
637 2495 683 2524 sese
694 2483 811 2524 humilians
821 2485 844 2524 ut
853 2484 905 2524 alios
917 2485 995 2525 exaltet

114 2551 189 2603 spiritu
202 2550 278 2589 elamet
288 2561 366 2601 magna
376 2559 453 2601 rogans
463 2548 631 2600 necquidquam
641 2549 748 2589 abiectum
759 2549 847 2589 aut'vile
858 2549 958 2600 loquatur
970 2561 995 2590 ex

113 2629 139 2657 eo
149 2614 207 2668 quod
220 2617 305 2654 terrena
315 2616 336 2654 et
346 2615 454 2655 mundana
465 2617 558 2666 quaerat,
570 2615 619 2654 talis
629 2614 669 2654 viri
680 2614 780 2655 clamore
790 2615 880 2654 Domino
893 2615 994 2655 exaudie-

113 2685 148 2723 tur
159 2697 176 2731 n,
188 2683 209 2720 et
218 2692 251 2734 op.
260 2679 309 2733 torp
322 2691 328 2719 ;
339 2694 349 2715 n
361 2679 410 2719 ideo
421 2679 487 2719 dicit:
499 2680 556 2720 beati
566 2679 661 2719 mendici
671 2680 754 2730 spiritu,
766 2683 790 2719 nt
799 2680 820 2718 in
831 2679 907 2719 ultima
917 2683 993 2720 ncces<
1024 2728 1025 2731 Ἴ

113 2749 175 2789 sitate
185 2745 279 2788 humiles
290 2744 388 2784 ostendat
400 2760 418 2783 n.
447 2749 449 2751 ·
571 2787 573 2790 p

139 2811 274 2862 Recentiores
285 2811 406 2862 complures
420 2817 526 2862 pauperes
540 2810 617 2861 spiritu
631 2821 666 2849 eos
677 2810 800 2860 intelligunt
814 2810 850 2861 qui
863 2815 993 2862 cognoscunt

113 2891 135 2919 se
144 2889 206 2929 ¹egere
217 2877 277 2917 donis
285 2874 432 2929 spiritualibus
441 2886 507 2927 eaque
515 2875 654 2915 vehementer
663 2874 791 2923 desiderant,
801 2876 838 2927 qui
850 2876 923 2927 itaque
931 2876 992 2927 spiri-

112 2944 191 2984 tualem
202 2953 261 2982 suam
272 2944 429 2994 paupertatem,
441 2940 539 2980 tenebras
549 2943 570 2980 et
584 2941 756 2980 obscurationem
768 2941 890 2981 intellectus
902 2943 923 2981 et
932 2941 994 2981 debi-

112 3010 194 3049 litatenr
202 3006 428 3051 voluntatissentiunt
438 3018 462 3046 ao
471 3004 626 3061 lamentantum
637 3006 666 3046 ita
676 3004 727 3045 Feb.
740 3005 792 3046 Arte
804 3004 889 3060 Scbeqq,
903 3004 991 3052 delectit,

52 3118 53 3122 ,
100 3075 102 3077 ’
113 3074 196 3124 Gitona,
209 3070 297 3123 Sotacus,
306 3071 368 3124 Kal&
377 3083 467 3124 eamque
477 3071 641 3124 ‘explicationem
652 3072 770 3124 tamtangit
780 3084 814 3125 op,
826 3071 876 3125 imp.
888 3083 894 3112 :
904 3087 913 3108 c
923 3074 993 3111 osten·

100 3127 102 3144 ³
112 3141 142 3180 dit
152 3139 273 3191 indigentes
280 3136 382 3186 humiles,
393 3138 429 3189 qui
440 3138 471 3177 sic
483 3131 531 3178 sunt
538 3137 630 3177 humiles
641 3140 664 3178 ut
671 3149 756 3189 semper
766 3137 895 3194 adiutorium
903 3137 940 3177 Dei
950 3136 993 3175 sint

111 3205 257 3246 mendicantes
269 3208 281 3239 n
289 3203 310 3243 et
318 3202 374 3242 inter
385 3202 479 3243 alianto
489 3216 495 3243 :
504 3219 513 3240 c
520 3203 561 3256 ‘qui
572 3214 598 3244 en
608 3203 708 3244 omnibns
718 3215 771 3255 quae
778 3202 870 3243 mundus
881 3203 920 3241 iste
931 3201 953 3239 in
962 3199 992 3239 di-
