2211 3575
297 173 299 179 ’
321 201 323 207 ·
347 191 499 225 unnnmrrouu
514 191 575 221 rurnu
589 192 617 221 ur
631 192 655 221 ur
670 191 687 221 n.
883 211 884 214 ,
932 179 957 219 51

19 304 21 309 ’
84 291 176 338 obviam
186 291 208 332 et
221 291 298 346 aptam
307 286 481 331 difficultatibus
492 286 642 340 elucidandis,
653 289 682 331 At
693 286 717 331 si
726 286 855 331 accuratius
864 285 958 345 inspici-

83 355 128 417 tur,
140 357 253 419 imprimis
264 357 283 401 si
289 356 456 412 consideratur,
469 358 584 418 quomodo
593 361 697 404 auctores
705 359 767 403 hunc
777 358 862 403 sontem
873 356 957 401 deseri·
1013 365 1020 379 ⁴

79 435 145 487 bant,
162 431 265 489 apparet,
277 428 336 473 hano
351 425 442 489 quoque
457 428 596 481 solutionem
606 431 631 475 in
646 446 669 476 se
683 430 852 475 consideratam
861 427 957 474 summis
1001 448 1004 455 =

83 499 256 549 difficultatibus
265 499 347 558 premi,
359 502 597 559 praeterquamquod
609 500 728 545 traditioni
741 501 886 545 contradicit.
929 509 931 511 ’

112 571 187 616 Primo
206 558 296 613 enimsi
311 570 388 628 agitur
403 570 431 613 de
444 570 506 614 tonte
514 584 596 627 graeco
613 572 706 630 utrique
720 569 877 627 evangelistae
894 584 956 614 com-

83 643 153 696 muni,
167 639 293 700 quaeritur,
306 655 346 685 cur
355 639 383 684 de
393 640 440 685 eius
451 640 581 685 exsistentia
589 641 649 686 nihil
661 641 730 686 nobis
739 640 873 696 innotuerit,
888 655 957 700 prae-
1020 659 1022 662 ⁴

83 715 147 773 cipue
158 726 210 755 cunr
220 710 289 755 tuerit
297 710 400 756 collectio
411 711 511 771 copiosa,
524 711 619 771 optima,
629 726 731 757 summae
739 712 889 766 auctoritatis,
902 726 955 756 cum

82 782 193 840 exstiterit
202 781 284 839 lingua
293 796 384 841 graeca,
397 797 452 840 ergo
464 782 570 827 omnibus
582 783 668 842 pervia.
681 780 722 833 Qui
732 785 820 828 iactum
830 786 869 838 cst,
882 781 907 827 ut
919 782 956 825 hic
975 816 976 819 ,

69 856 139 907 tons,
158 853 197 911 qui
212 867 238 896 ec
253 855 356 911 tempore
370 844 555 912 quo'secundum
567 854 656 897 criticos
672 856 707 913 Mt
721 868 818 911 graecus
836 857 899 898 ortus
913 856 953 904 est,

82 918 168 977 aderat,
180 938 232 967 mcx
249 924 342 968 omuino
352 923 473 980 interierit,
488 928 514 969 ut
527 924 575 970 eius
588 925 761 984 vestigialapud
772 939 809 969 cos
823 923 953 983 scriptores,

83 995 121 1055 qui
135 993 266 1038 immediate
280 997 330 1054 post
343 996 531 1054 compositionem
545 992 676 1040 nostrorum
689 996 869 1053 Evangeliorum
883 995 955 1053 scrip-

81 1069 165 1120 serunt,
180 1064 246 1109 nulla
266 1067 406 1125 appareant?
427 1066 511 1111 Deinde
536 1066 555 1110 si
579 1066 720 1125 quaerimus,
739 1080 785 1125 quo
805 1065 873 1110 modo
892 1066 956 1109 hunc

81 1137 166 1181 librum
179 1136 318 1191 describant,
333 1136 390 1195 quid
399 1137 419 1181 ei
429 1136 541 1190 tribuant,
552 1136 662 1191 videmus,
678 1136 768 1181 nullam
782 1136 860 1181 in'hac
870 1140 955 1181 re-esse

83 1206 271 1253 convenientiam.
286 1207 331 1252 Alii
346 1208 394 1251 iere
411 1204 526 1252 sermones
542 1206 614 1252 nostri
628 1208 732 1252 Matthaei
747 1207 802 1252 huic
818 1208 876 1252 fonti
889 1209 954 1252 attri-

81 1279 161 1333 buunt,
177 1278 217 1322 alii
229 1271 342 1337 quaedam
353 1279 448 1333 addunt,
462 1278 501 1323 alii
511 1279 588 1338 potius
600 1293 694 1337 eaquae
707 1269 882 1334 Matthaeooirm
897 1282 956 1324 Luca

81 1350 212 1394 communia
221 1353 281 1405 sunt,
294 1350 402 1408 seligunt.
417 1350 461 1395 Sed
471 1364 540 1409 quam
555 1349 658 1409 primum
670 1349 837 1409 discrepantiae
851 1350 911 1394 inter
922 1350 955 1394 ln

81 1422 130 1464 etL
144 1420 326 1483 perpenduntur,
340 1423 446 1466 oriuntur
460 1420 608 1465 difficultates
623 1423 708 1477 tantae,
723 1423 748 1466 ut
768 1425 807 1465 aut
821 1421 955 1481 hypothesis

80 1494 164 1536 statuta
178 1492 227 1536 iere
238 1493 362 1547 deseratur,
379 1496 419 1537 aut
432 1492 471 1536 alii
480 1492 554 1537 sontes
566 1495 685 1552 praeterea
701 1492 829 1536 adhibendi
846 1492 899 1548 sint,
916 1495 955 1537 aut

80 1563 174 1606 arbitrio
182 1566 204 1607 et
212 1563 372 1620 imaginationi
387 1564 583 1620 evangelistarum
592 1566 683 1608 tantum
693 1562 856 1618 tribuatur,‘ut
869 1564 954 1623 impos-

80 1632 145 1677 sibile
156 1637 219 1688 esset,
232 1635 291 1678 hanc
303 1635 364 1678 viam
375 1634 474 1691 ingredi,
487 1634 575 1678 etiamsi
587 1634 733 1678 traditionem
744 1634 848 1678 veterum
860 1632 953 1678 inissem
972 1686 974 1689 Ι

80 1704 214 1748 faceremus.
227 1708 295 1747 Porro
304 1705 347 1748 nisi
357 1704 454 1749 velimus
465 1705 612 1758 contendere,
624 1707 707 1749 Lucam
720 1704 794 1748 multa
803 1704 917 1748 invenisse
931 1707 954 1747 et

81 1773 226 1831 excogitasse,
240 1775 307 1818 etiam
320 1775 389 1829 iniis,
402 1774 519 1833 inquibus
527 1789 581 1818 cum
590 1774 702 1818 lla‘tthaeo
714 1774 829 1829 convenit,
842 1774 954 1818 dicendus

81 1846 120 1898 cst,
138 1858 189 1888 eum
203 1844 293 1889 novisse
309 1845 365 1889 alios
379 1845 461 1889 fontes.
479 1844 523 1889 Sed
540 1844 568 1888 de
583 1843 619 1889 his
636 1845 707 1889 rebus
730 1844 896 1903 disputandum
920 1848 955 1889 est

81 1905 207 1960 accuratius
215 1915 238 1958 in
247 1915 369 1973 Evangelio
378 1918 459 1960 Lucae.
471 1916 497 1960 cf
509 1911 582 1960 Weiss
591 1917 627 1971 B,
642 1915 681 1959 Die
692 1915 786 1967 Quelleu
797 1915 838 1959 der
852 1915 954 1975 synopti-

45 1975 48 1983 ’
80 1986 149 2029 schen
164 1985 360 2044 Ueherlieferung,
377 1990 441 2041 1908,
458 1989 523 2030 'texte
543 2001 566 2030 u.
582 1988 668 2030 Unters.
688 1990 724 2040 32,
741 1989 762 2029 3,
778 1985 885 2030 Horuoch
898 1985 952 2041 Ad,

80 2055 184 2114 Beitrage
194 2072 234 2101 zur
250 2056 380 2115 Einleitung
392 2058 417 2101 in
434 2057 474 2102 das
483 2059 525 2112 NT,
537 2057 639 2115 Spruche
657 2057 707 2102 und
719 2055 800 2101 Reden
814 2060 874 2110 lesu,
886 2061 951 2100 1907.

80 2126 157 2185 Spritto
174 2129 209 2184 F,
232 2127 269 2172 uie
287 2128 433 2187 synoptische
456 2127 614 2173 Grundschritt
640 2128 663 2171 in
682 2128 746 2171 ihrer
764 2127 955 2185 Ueberlieterung

80 2197 154 2242 durch
164 2198 204 2243 das
217 2199 445 2257 Lulrasevangelium,
458 2202 546 2243 Unters.
560 2213 613 2243 zum
626 2201 667 2252 NT,
681 2202 746 2242 1912.

110 2269 195 2313 Solutio
207 2268 347 2329 quaestionis
360 2270 458 2313 maxime
472 2269 540 2313 obvia
550 2271 626 2327 posset
635 2268 692 2311 baec
701 2267 786 2312 tentari
796 2270 819 2311 et
831 2269 860 2312 ab
871 2268 954 2328 aliqui-

80 2338 122 2383 bus
134 2339 281 2399 proponitur,
292 2342 318 2384 ut
328 2341 440 2391 statuatur
456 2337 611 2401 dependentia
622 2336 725 2386 literaria
736 2340 808 2382 Lucae
818 2352 832 2382 a
843 2340 954 2384 blatthaec

81 2423 171 2466 graeco.
186 2412 245 2460 Quae
259 2409 341 2454 solutio
352 2412 446 2454 eatenus
457 2410 599 2453 satisfaceret
611 2407 684 2463 iactis,
700 2412 814 2467 quatenns
829 2408 955 2468 explicaret

81 2480 263 2525 convenientiam
273 2479 339 2525 illam
352 2495 466 2525 summam
481 2480 542 2524 inter
552 2481 585 2524 Mt
601 2482 623 2523 et
638 2478 663 2523 L.
677 2482 724 2523 Non
737 2477 864 2539 explicatur
877 2483 954 2525 autern

81 2549 243 2610 discrepantia,
265 2551 310 2595 nisi
328 2551 479 2596 admittantur
493 2549 533 2595 alii
545 2543 620 2595 fontes
635 2549 660 2593 in
674 2550 756 2594 iisdem
771 2551 952 2606 narrationibus,

80 2635 126 2664 non
144 2622 271 2681 explicatur
281 2621 327 2666 alia
341 2622 434 2666 omnino
450 2621 568 2681 dispositio
581 2635 721 2676 sermonum,
733 2635 813 2667 eorum
823 2621 954 2668 distributio

81 2706 121 2750 per
131 2693 172 2736 Eo.
185 2693 229 2737 Sed
245 2707 297 2737 cum
310 2707 404 2752 prorsus
419 2692 572 2737 necessarium
585 2692 613 2736 sit
626 2706 741 2737 assumere
751 2692 776 2734 in
785 2692 803 2734 Ι,
813 2692 870 2735 alios
881 2692 955 2736 sontes
993 2716 995 2720 ·

80 2768 171 2820 praeter
181 2766 214 2809 Mt
224 2767 247 2809 et
255 2767 298 2819 Mr,
310 2767 357 2808 uo'n
367 2763 457 2808 videtur
468 2763 631 2826 inconveniens
642 2776 698 2818 csse,
712 2777 842 2822 supponere
857 2763 953 2819 fontem,

81 2834 121 2892 qui
134 2835 268 2881 multarum
280 2835 389 2881 llatthaeo
405 2834 488 2879 similia
502 2833 584 2878 habuit
601 2832 642 2877 sed
657 2832 702 2878 alia
716 2838 738 2877 et
755 2834 838 2878 eadem
852 2834 920 2885 aliter
931 2837 956 2879 in

81 2903 193 2961 plurimis.
205 2910 254 2951 Non
264 2906 366 2965 sequitur
374 2920 400 2950 ex
408 2906 459 2960 hcc,
472 2905 509 2963 agi
520 2904 549 2948 de
557 2904 762 2963 tontibusscriptis,
774 2905 878 2963 quamvis
886 2908 955 2950 Lucas

81 2973 129 3033 ipse
137 2976 181 3020 hcc
194 2977 297 3036 explicite
309 2974 401 3022 asserat.
416 2979 516 3021 Fortasse
530 2975 646 3035 quaedam
659 2990 684 3019 ex
695 2975 840 3021 sermonibus
849 2976 956 3020 Matthaei

81 3039 105 3088 in
120 3046 224 3105 linguam
238 3062 344 3104 graecam
357 3048 467 3103 translata
480 3051 553 3102 erant,
570 3050 692 3107 antequam
707 3047 826 3104 integrum
839 3049 873 3091 Eo
886 3047 955 3092 iuter-

81 3120 234 3175 pretationem
244 3120 332 3164 hahuit.
348 3125 418 3165 Porro
428 3120 482 3165 licet
494 3133 619 3179 provocare
630 3119 660 3163 ad
671 3133 696 3163 ea
713 3134 771 3178 quae
785 3120 853 3163 antea
868 3119 896 3163 de
908 3123 955 3163 tra-

358 3198 486 3230 Kunuuucnuuu
496 3204 513 3229 ru
525 3197 592 3229 Marcu.
605 3196 619 3228 I.
630 3213 651 3218 —
662 3198 676 3228 3.
