2239 3511
115 232 154 271 202
346 233 347 236 ’
467 243 542 271 nrarrn.
559 234 585 279 4(
594 233 637 271 5-7.

113 335 163 377 tum
179 347 225 376 esse
239 332 336 391 pedihus
346 335 368 376 ct
381 331 444 390 quasi
456 331 500 375 iter
510 331 632 375 instituisse
645 345 695 374 cum
707 328 809 383 diaholo,
821 327 945 386 ridiculum
953 326 987 370 vi-

66 399 68 402 *
114 408 190 462 detur,⁴
201 411 224 456 et
234 409 337 467 quamvis
346 422 391 452 non
401 409 448 452 sola
459 423 514 452 voce
526 401 681 466 παραλαμβάνει
694 406 834 460 excludatur,
845 409 922 449 tamen
936 404 987 446 satis

112 500 167 529 voce
186 485 266 529 cruciat
277 482 352 532 ἔστησε
364 485 506 544 exploditur
516 476 638 540 Ierusalem
650 484 734 529 dicitur
748 483 826 527 civitas
844 488 934 535 sanctu,
950 482 986 523 ut-

114 557 165 615 pote
179 571 192 599 a
209 558 253 600 Deo
270 555 356 601 delecta
370 559 391 600 et
400 556 451 600 ideo
464 557 632 600 inreverentia
644 555 724 600 habita
736 546 986 613 veleoquodsanctum

113 626 209 671 haberet
224 628 335 687 templum
349 626 450 686 (Earrt.);
469 628 591 672 eratenim
607 630 709 673 centrum
725 624 875 678 theocratiae,
891 621 987 681 proinde

113 698 225 755 singulari
237 698 324 755 ratione
335 699 364 743 ad
374 702 444 743 Deum
461 693 622 758 pertinebatet
635 701 737 758 separata
748 699 797 741 erat
809 696 923 751 aregione
933 706 986 751 pro-

113 768 167 813 fana
177 769 215 829 (a.
227 772 254 814 rs.
267 773 331 826 aaa
346 775 407 827 aar.
419 774 474 815 nan.
486 775 546 825 aaa.
559 764 617 815 ueni
626 774 685 825 11‚1.
697 769 742 828 18).
988 820 989 825 η
1021 761 1022 766 ’

102 870 104 875 ·
143 841 221 885 Priore
230 856 337 901 responso
349 842 448 885 Christus
461 842 582 885 maximam
592 855 656 885 suam
666 841 690 885 in
699 844 743 884 Deo
757 838 916 884 confidentiam
927 835 986 880 indi-

63 952 64 956 ,
114 914 205 955 caverat
217 915 239 954 et
255 912 358 968 diabolus
371 927 413 972 per
422 912 582 956 confidentiam
592 927 605 955 a
614 912 729 971 Scriptura
741 911 883 969 desumptam
893 923 985 967 supera-

112 984 148 1026 tus
161 985 220 1038 erat;
234 983 286 1027 iude
300 984 440 1027 occasionem
454 983 546 1043 arripit,
563 986 589 1027 ut
598 997 640 1042 per
649 984 859 1044 praesumptuosam
870 979 985 1023 confiden-

112 1053 168 1097 tiam
179 1067 231 1097 eum
241 1057 332 1114 superet
339 1054 437 1099 adducto
446 1054 533 1099 efficaci
540 1054 668 1114 Scripturae
679 1053 807 1098 testimonio
817 1050 904 1113 (luna).
914 1054 985 1103 Quare

114 1127 186 1183 lesum
198 1125 222 1168 in
235 1140 261 1169 ea
273 1126 337 1184 ponit
350 1126 477 1170 conditione
492 1141 537 1185 qua
548 1126 670 1170 maximam
679 1125 744 1170 illam
754 1124 860 1168 fiduciam
871 1122 985 1188 possit-os-

112 1198 211 1249 tentare3
229 1197 307 1240 statuit
321 1202 373 1241 eum
391 1196 416 1240 iu
429 1211 517 1241 summo
531 1198 585 1241 tecti
601 1197 680 1256 templi
696 1197 798 1253 fastigio,
816 1191 898 1253 ex'quo
910 1193 986 1238 nullus

114 1267 195 1322 exitus,
208 1262 318 1325 effugium
329 1268 417 1312 nullum
432 1273 510 1327 patere
527 1268 656 1323 videbatur3
669 1267 705 1312 vel
714 1269 791 1311 saltem
803 1266 924 1323 iudignum
937 1268 985 1309 erat

114 1338 170 1382 Filio
182 1339 220 1382 Dei
230 1353 293 1383 more
303 1339 402 1383 hominis
414 1338 491 1383 miseri
500 1354 526 1384 ex
537 1339 586 1383 loco
599 1340 637 1382 illo
648 1339 755 1383 altissimo
768 1342 833 1382 caute
842 1340 865 1381 ct
876 1337 935 1381 lente
945 1335 985 1379 de-

113 1423 219 1454 scensum
227 1412 325 1463 teutare;
335 1425 405 1469 quare
414 1425 435 1454 v.
446 1415 458 1453 6
468 1410 524 1454 clarit
533 1410 554 1454 ci
562 1424 569 1453 :
578 1409 673 1454 sr'Fr'lr'us
681 1409 723 1453 aa
730 1424 760 1467 es,
770 1409 832 1453 mitte
841 1417 861 1453 te
870 1407 995 1468 daciscum.

113 1480 222 1539 scriptum
236 1480 337 1524 artemio
353 1483 406 1534 etc.;
421 1500 431 1521 u
445 1481 502 1524 sicut
516 1481 570 1524 olim
580 1484 624 1525 Deo
637 1480 770 1525 detrahebat
784 1480 819 1524 his
827 1479 902 1524 verbis
914 1494 919 1523 z
931 1494 985 1538 qua-

113 1565 211 1610 cumque
230 1550 266 1595 die
281 1550 436 1606 comedenda,
448 1553 578 1611 aperientur
588 1551 646 1596 oculi
656 1552 730 1606 vestri,
741 1551 777 1596 his
785 1550 901 1595 ostendere
909 1550 985 1594 volens

112 1623 171 1681 ipsos
182 1622 288 1682 deceptos
301 1625 323 1666 et
335 1623 412 1667 illusos
425 1623 493 1682 tuisse
506 1623 610 1682 nihilque
621 1622 725 1667 beneficii
738 1623 860 1682 accepisse,
873 1623 935 1666 itaet
948 1621 985 1665 hic

111 1693 212 1753 idipsum
224 1693 328 1738 indicans
344 1695 375 1738 ait
388 1697 395 1740 ξ
414 1698 436 1738 te
450 1695 534 1738 frustra
549 1694 621 1738 lilium
638 1695 727 1738 vocavit
743 1709 769 1738 ac
781 1693 840 1737 dono
854 1697 876 1736 te
890 1687 925 1752 ¹iet
937 1691 982 1747 llit;

113 1768 172 1808 certe
183 1765 201 1808 si
213 1779 256 1808 non
274 1766 306 1809 ita
322 1779 344 1809 se
357 1780 391 1809 res
404 1765 485 1821 habet,
501 1764 605 1810 ostendas
615 1765 681 1809 nobis
691 1767 778 1824 oportet
789 1768 812 1808 te
821 1764 905 1808 habere
915 1764 985 1808 talem

111 1831 247 1895 potestatem
258 1854 268 1877 u
281 1835 314 1895 (S.
327 1835 429 1896 carpam
442 1839 463 1880 et
472 1837 526 1896 quia
534 1839 593 1882 lesus
602 1852 627 1880 ex
638 1837 754 1896 Scriptura
763 1835 917 1895 responderat,
933 1850 984 1879 cum

112 1906 182 1950 armis
195 1907 324 1967 Scripturae
337 1921 388 1953 eum
398 1908 533 1965 aggreditur
546 1906 604 1967 (Alc.
618 1908 665 1952 Cui.
680 1909 686 1965 )
706 1921 769 1951 more
779 1922 818 1951 suc
829 1906 984 1951 fraudulenter

111 1991 201 2037 sensum
213 1981 352 2038 pervertens.
369 1982 435 2023 Docet
449 1979 508 2023 enim
518 1979 633 2038 psalmista
642 1980 691 2038 pios
704 1979 742 2022 Dei
753 1979 848 2022 cultores
858 1993 871 2021 a
880 1981 924 2022 Deo
933 1992 985 2038 pro-

110 2049 168 2106 tegi,
182 2048 211 2093 ab
224 2050 312 2106 angelis
323 2064 412 2109 quoque
422 2050 507 2094 muniri
517 2054 539 2094 et
549 2049 655 2094 custodiri
666 2051 689 2093 in
697 2050 804 2109 periculis
815 2053 836 2093 et
845 2049 929 2093 insidiis
940 2050 984 2093 ini-

112 2121 237 2174 micorun13
249 2120 378 2164 nullatenus
386 2124 461 2165 autem
469 2122 545 2165 innuit
553 2120 597 2164 illis
606 2120 684 2165 adfore
693 2121 826 2178 angelorum
836 2120 984 2164 ministerium

111 2191 151 2249 qui
165 2204 188 2235 se
206 2192 266 2249 ipsos
285 2194 370 2235 temere
387 2192 424 2236 vel
437 2192 566 2251 petulanter
579 2190 685 2251 periculis
699 2192 815 2237 obiiciunt.
831 2195 923 2251 Insuper
932 2207 984 2251 per-

111 2262 206 2306 suadere
219 2262 277 2306 velle
286 2262 376 2306 videtur
389 2263 443 2307 acsi
457 2263 497 2307 illa
507 2263 577 2308 verba
590 2263 722 2308 vaticinium
734 2264 886 2324 exprimerent
896 2263 924 2307 de
937 2266 985 2307 lesu

111 2332 174 2378 cuins
186 2333 314 2393 impletioni
327 2335 375 2393 ipse
388 2334 481 2378 iamiam
491 2334 556 2379 daret
566 2335 713 2390 oooasionem3
729 2353 739 2376 u
751 2335 811 2378 male
823 2334 985 2393 iuterpretatur

111 2406 238 2464 Scripturas
249 2404 354 2449 diabolus
370 2423 380 2446 u
399 2405 432 2464 (S.
448 2405 520 2464 Hier.)
533 2405 635 2464 exemplo
647 2405 751 2464 praeiens
762 2404 874 2465 quomodo
889 2405 985 2449 verhise

112 2478 217 2519 contextu
227 2475 310 2518 avulsis
321 2489 384 2519 error
394 2475 522 2519 suadeatur.
536 2476 578 2519 Sed
590 2494 600 2516 c
610 2475 675 2527 falsas
683 2475 709 2519 de
721 2476 842 2536 Scriptnris
849 2469 938 2520 'cliaholi
949 2491 984 2521 sa-

46 2566 48 2571 r
110 2546 179 2605 gittas
193 2538 251 2589 veris
261 2536 430 2605 Scripturarui‘n
442 2546 529 2604 frangit
538 2547 622 2606 clypcis
632 2550 691 2605 lesus
704 2564 714 2586 a
728 2547 759 2605 (S.
772 2548 857 2607 Hier),
869 2551 984 2593 mansuete

85 2655 87 2660 .
110 2620 132 2662 et
141 2616 246 2661 sineulla
259 2617 407 2662 ostentatione
420 2617 558 2677 respondens
569 2618 602 2677 (S.
618 2618 704 2678 Chrys.)
718 2619 830 2679 simulque
843 2619 985 2665 dissimulans

110 2702 132 2733 se
147 2703 194 2733 esse
207 2688 289 2732 lilium
305 2690 355 2745 Dei;
371 2689 396 2733 id
410 2690 471 2743 enim
484 2690 574 2749 reponit
589 2708 599 2730 r<
610 2691 671 2749 quod
684 2692 787 2750 aquovis
797 2691 836 2751 pio,
844 2691 936 2735 homine
949 2707 983 2736 re-

110 2759 217 2819 sponderi
226 2758 316 2818 poterat
332 2764 354 2804 et
364 2760 505 2820 scripturam
516 2761 575 2805 male
589 2761 680 2806 citatam
695 2761 740 2806 alia
751 2763 867 2821 Scriptura
875 2765 935 2807 recte
944 2763 985 2807 ad-

110 2829 179 2875 ducta
187 2844 226 2874 seu
235 2830 325 2875 clavum
334 2831 396 2876 clavo
410 2831 532 2877 retundit»
545 2832 625 2892 (Icus.)
639 2848 661 2878 v.
675 2838 687 2877 7
702 2847 706 2879 :
718 2847 807 2877 rursum
817 2829 926 2893 scriplum
936 2843 984 2880 cst:

110 2916 156 2945 raca
165 2900 260 2945 tentatis
273 2902 394 2947 Douu‘uum
404 2905 476 2948 Deum
487 2912 564 2960 taccam·
578 2904 605 2949 of.
616 2907 680 2949 Dent.
692 2908 752 2959 are.
761 2907 862 2948 llensura
871 2908 893 2950 et
905 2921 985 2951 norma

112 2986 191 3017 eorum
207 2987 265 3031 quae
282 2988 294 3016 a
312 2977 356 3017 Deo
374 2989 465 3034 sperare
482 2990 601 3035 possumus
616 2980 638 3019 et
653 2975 761 3020 debemus
777 2980 829 3020 sunt
844 2976 920 3021 divina
932 2993 984 3037 pro-

111 3046 187 3089 missa.
200 3043 241 3096 Qui
256 3058 386 3089 mensuram
399 3046 459 3091 hanc
475 3047 511 3091 vel
527 3047 710 3106 praesumptione
720 3049 742 3090 et
750 3046 845 3092 audacia
855 3049 940 3092 excedit
949 3049 985 3092 vel

111 3115 298 3176 pusillanimitate
313 3117 335 3158 et
346 3115 472 3161 diffidentia
482 3132 528 3161 non
539 3118 641 3175 attingit,
654 3120 724 3162 Deum
735 3126 820 3164 tecture
829 3119 911 3163 dicitur
920 3135 984 3164 eum-

103 3179 155 3246 ¹que
166 3188 195 3232 ad
205 3188 264 3231 iram
274 3201 398 3246 provocare
410 3187 470 3247 (sido
483 3203 541 3248 quae
552 3188 628 3233 notavi
639 3189 667 3233 ad
680 3193 706 3234 ls.
717 3191 789 3248 Mt).
801 3192 840 3234 Hic
848 3191 924 3250 itaque
935 3195 984 3236 ten-
