2239 3511
148 216 187 256 338
488 223 566 252 unrrn.
584 214 603 261 6,
619 215 690 252 32-33.

151 313 222 357 sarius
232 314 273 366 est,
285 325 371 369 magna
380 310 495 369 colligitur
505 312 562 356 ratio
572 312 666 356 docente
675 313 700 357 S.
711 313 790 372 Chrys.
802 328 831 357 ne
841 314 910 358 simus
920 314 1021 369 solliciti3

153 403 162 424 «
176 383 224 442 quis
237 382 299 426 enim
316 385 382 442 pater
397 383 502 441 negligat
517 384 570 427 filiis
585 385 630 428 suis
646 384 774 428 necessaria
789 383 915 444 praebere?
927 385 1023 445 ideoque

150 453 241 498 omnino
254 457 311 498 Deus
320 454 343 497 id
356 454 451 499 daturus
464 457 524 518 est...
538 454 583 518 ipsi
593 456 625 499 sic
636 456 722 515 placuit
731 457 757 499 ut
768 456 793 500 in
803 455 935 500 huiusmodi
946 469 1023 501 neces-

150 525 213 569 sitate
223 539 290 580 esses;
303 540 348 569 non
359 540 414 583 ergo
424 527 553 572 contrarius
566 527 609 571 erit
623 528 652 572 iis
664 542 724 586 quae⁴
734 526 818 582 voluit,
833 527 900 571 itaut
911 529 934 570 te
943 527 967 570 in
982 542 1022 571 ne-

150 596 250 641 cessitate
258 596 380 641 const'tuat
388 600 410 641 et
420 599 551 643 necessariis
560 599 634 658 privet
645 615 655 639 a
665 597 725 659 (sim.
735 597 815 659 lons).
827 600 900 658 Atque
908 598 1020 658 proiecto,

150 667 268 726 quinovit
285 671 373 728 patrem
388 682 454 714 suum
472 670 530 715 scire
545 671 688 715 necessitates
704 671 781 729 eisque
798 673 820 714 et
837 683 903 728 posse
924 671 946 713 et
962 668 1021 713 velle

149 738 278 797 providere,
298 741 317 784 is
334 741 362 784 de
379 741 407 784 iis
424 756 470 786 non
487 745 519 786 est
535 742 656 797 sollicitus;
674 757 744 801 quare
758 756 812 806 ergo
830 741 896 785 aliter
914 740 941 784 de
956 742 1021 784 Patre

150 810 250 855 coelesti?
518 820 519 823 ’

178 882 326 925 Proliihitioni
335 882 418 926 dubiae
428 873 569 943 timidaeque
580 899 648 928 curae
658 884 792 942 adiungitur
801 886 948 943 praeceptum
960 881 1020 925 atfir-

148 952 257 996 mativum
272 956 400 997 monstrans
418 969 463 1013 quo
479 955 601 998 Christiani
618 958 769 1014 assequuntur
785 955 842 999 haec
859 955 936 998 omnia
949 951 1018 1013 (aar.)

147 1038 169 1066 v.
184 1027 211 1067 33
225 1024 324 1081 quaerite
334 1031 410 1069 uectem
424 1026 461 1085 (cl.
472 1025 524 1076 lect.
539 1025 599 1085 var.)
611 1018 645 1080 δὲ,
659 1041 705 1085 qua
714 1026 827 1085 particula
838 1025 910 1069 oratio
921 1024 958 1080 vel
967 1038 1019 1068 con-

148 1095 249 1139 tinuatur
257 1090 294 1139 vel
308 1095 396 1155 aliquid
407 1097 500 1140 additur
514 1097 550 1141 vel
560 1097 677 1156 quaedam
693 1097 723 1142 ad
737 1097 894 1141 antecedentia
907 1096 1019 1155 oppositio

147 1167 281 1225 exprimitur
291 1193 320 1199 —
328 1167 433 1227 prunum
448 1183 543 1228 reprcunt
553 1168 613 1229 (Dcz')
627 1178 649 1213 et
658 1168 769 1213 iristitiam
783 1169 830 1212 cias
839 1176 861 1212 et
873 1168 928 1212 hacc
943 1166 1019 1210 onmia

147 1237 282 1283 adlicientur
297 1238 370 1294 eobis;
383 1254 427 1298 qno
440 1254 506 1284 sensu
523 1240 595 1300 accipi
612 1240 681 1284 debet
693 1240 812 1300 prunum?
826 1241 850 1285 S.
869 1238 949 1283 Pescla.
969 1239 1017 1283 Gar.

147 1310 245 1369 Sctcpp,
260 1309 349 1355 Selinus
357 1310 391 1354 ita
402 1310 524 1371 explicant,
536 1314 562 1355 nt
571 1311 704 1355 nihil'aliud
713 1311 869 1370 quaerendum
880 1311 908 1355 sit
918 1313 940 1354 et
950 1325 1018 1368 quae-

147 1381 244 1425 rendum
259 1385 407 1441 proponatur.
424 1385 452 1426 At
467 1383 571 1442 plerique
582 1383 686 1442 partricem
703 1371 834 1439 intelligunt
850 1397 900 1426 cum
916 1382 940 1426 S.
958 1382 1015 1441 dap.
1067 1377 1071 1384 ”

101 1443 105 1452 ’
147 1454 179 1496 ita
191 1455 216 1496 ut
228 1453 337 1497 innuatur
350 1453 394 1497 alia
406 1468 465 1512 quae
477 1454 605 1498 necessaria
614 1454 659 1498 sint
668 1453 698 1497 ad
711 1455 781 1498 vitam
791 1452 924 1498 secundario
935 1454 1018 1496 etcum

108 1584 109 1587 Ἴ
146 1518 333 1568 subordinatione
340 1524 370 1568 ad
379 1525 480 1583 primum
489 1524 548 1568 illud
556 1527 578 1568 et
584 1529 678 1584 propter
685 1525 743 1568 illud
749 1524 837 1568 licitum
844 1538 891 1569 esse
899 1539 1015 1583 quaerere;

146 1611 187 1655 pro
202 1610 247 1654 qua
262 1595 410 1655 explicatione
422 1596 469 1639 iam
484 1595 555 1640 Eruli.
571 1595 634 1639 haud
650 1596 710 1639 male
725 1598 834 1655 provocat
851 1594 1017 1639 adorationem

146 1666 293 1722 dominicam,
301 1666 485 1725 inqnaprimum
494 1666 593 1723 gloriam
600 1667 639 1710 Dei
647 1667 741 1728 eiusque
747 1681 845 1723 regnum
854 1666 1014 1723 efflagitamus,

145 1738 182 1782 sed
193 1741 270 1797 postea
280 1737 347 1781 etiam
359 1731 444 1781 victum
454 1729 621 1796 quotidianum.
631 1741 687 1781 Rem
697 1737 796 1781 dilucide
806 1738 915 1797 proponit
925 1737 996 1782 alala.
1009 1752 1016 1780 :

148 1829 159 1851 u
172 1810 284 1853 Christum
293 1823 338 1852 non
352 1808 444 1852 omnino
453 1806 550 1852 vetuisse
560 1810 635 1852 cetera
645 1823 765 1867 quaerere,
780 1809 818 1852 sed
831 1809 864 1852 ita
873 1822 983 1867 quaerere
992 1811 1017 1852 ut

146 1895 224 1925 eorum
233 1879 360 1924 sollicitudo
370 1894 384 1923 a
393 1893 465 1937 regno
476 1878 514 1922 Dei
527 1879 657 1938 quaerendo
669 1892 710 1924 nos
722 1882 817 1934 avertat,
828 1880 860 1923 ita
873 1882 1016 1938 quaererent

144 1953 189 1996 illis
203 1951 287 1995 servire
303 1950 431 2006 videamur
450 1965 560 2009 quaerere
574 1953 651 1994 autem
664 1950 762 1994 secundo
773 1943 871 2005 locogid
882 1953 915 1995 est
924 1953 1016 2010 propter

144 2037 241 2082 regnum
251 2022 297 2076 Dei,
309 2036 355 2066 non
366 2021 447 2077 vetuit,
461 2020 500 2065 sed
510 2021 592 2065 docuit
600 2021 631 2080 (et
640 2024 813 2079 argumentatur
824 2036 951 2081 quoqueex
965 2012 1016 2066 ora-

146 2097 205 2139 tione
216 2092 364 2151 dominica)...
375 2092 500 2151 respondeo
510 2092 588 2146 adiici,
602 2093 655 2152 quia
663 2107 710 2136 non
717 2092 792 2152 primo
802 2093 852 2136 loco
861 2095 1013 2151 quaeruntur3

145 2165 206 2227 quod
214 2167 291 2209 autem
299 2178 343 2207 non
350 2164 425 2223 primo
432 2164 481 2207 loco
490 2178 516 2207 ac
523 2166 617 2223 propter
624 2178 658 2218 se,
670 2164 708 2207 sed
714 2163 811 2208 secundo
818 2166 841 2207 et
846 2167 939 2223 propter
946 2167 1015 2213 Deum

144 2237 268 2298 quaeritur,
282 2236 361 2295 quaeri
371 2249 417 2278 non
427 2234 526 2291 videtur,
537 2235 591 2294 quia
599 2250 646 2297 non
654 2235 729 2297 ipsum
739 2234 778 2278 sed
787 2237 844 2279 Deus
852 2235 876 2278 in
886 2236 934 2294 ipso
945 2240 1013 2294 quaess

143 2311 210 2361 ritur3
224 2310 273 2352 tum
288 2307 356 2350 etiam
371 2306 432 2365 quod
448 2307 505 2350 haec
518 2306 607 2365 saepius
620 2307 688 2350 etiam
706 2322 719 2350 a
735 2309 779 2350 Deo
792 2322 839 2351 non
854 2305 1015 2365 quaerentibus

142 2395 215 2440 neque
228 2378 380 2436 cogitantibus
391 2376 528 2422 adiiciantur
539 2396 559 2421 a.
571 2377 668 2435 Proinde
675 2377 776 2436 priimum
790 2377 892 2437 quaerite
902 2378 917 2421 i.
932 2393 951 2421 e¹
963 2381 1015 2422 ante

140 2450 226 2504 omnia,
240 2452 288 2494 non
303 2453 415 2509 tempore,
430 2452 470 2495 sed
484 2450 596 2508 dignitate
611 2451 644 2511 (S.
659 2449 738 2510 Arpi,
756 2450 853 2493 maxime
864 2452 886 2493 et
897 2449 1021 2509 praecipue

141 2520 243 2580 quaerite
254 2520 290 2579 (ct.
301 2522 368 2565 Dion.
379 2522 439 2566 Iunc.
451 2516 524 2566 Satin.
533 2523 591 2565 Ara.
601 2522 662 2581 Rr'sp.
673 2520 746 2576 rarat,
755 2520 810 2580 Fu.)
818 2535 913 2580 requam
921 2520 964 2565 Det
972 2520 988 2565 i.
999 2535 1019 2565 e.

142 2593 250 2652 consequi
260 2605 359 2648 regnum
371 2589 420 2645 Dei,
433 2592 457 2634 ut
468 2589 533 2647 digni
542 2589 674 2635 efficiamini
684 2591 805 2651 participes
815 2591 865 2635 fieri
875 2591 936 2636 beati
948 2595 1022 2651 regni

134 2667 192 2720 ¹Dei3
214 2679 241 2708 ea
260 2663 331 2720 igitur
348 2657 472 2722 praecipuo
492 2662 575 2706 studio
589 2666 756 2721 prosequantur
774 2678 832 2722 quae
850 2665 965 2723 pertinent
985 2665 1014 2709 ad

141 2750 238 2794 regnum
254 2735 300 2779 Dei.
317 2734 351 2778 Ad
366 2734 423 2777 haec
435 2736 510 2778 autem
527 2733 676 2793 prosingulis
688 2735 789 2793 primum
806 2734 871 2793 quasi
883 2735 957 2778 locum
971 2736 1014 2780 silai

142 2808 240 2852 vindicat
252 2805 338 2850 iustitio
352 2805 411 2858 er'us,
422 2806 469 2850 scil.
481 2806 531 2859 Dei,
547 2805 608 2846 αὐτοῦ
621 2805 637 2850 i.
650 2820 669 2848 e.
681 2805 722 2849 illa
735 2819 804 2864 quam
819 2808 876 2848 Deus
889 2807 1011 2866 praecipit,

141 2879 246 2935 largitur,
258 2891 327 2937 quam
340 2877 429 2921 homini
438 2877 580 2936 inesselvult.
598 2879 659 2928 Quae
673 2881 749 2920 autem
763 2876 792 2919 sit
804 2877 900 2933 iustitia,
915 2878 1014 2923 Christus

141 2952 165 2995 in
177 2950 220 2993 hoc
235 2963 335 2992 sermone
352 2950 396 2992 iam
415 2947 518 3008 exposuit
535 2951 557 2992 et
572 2950 667 3007 exponet
682 2948 750 2990 etiam
765 2948 918 3006 postmodnm.
938 2951 1015 2994 Lectio

141 3020 223 3076 codicis
235 3020 333 3082 vaticani
344 3020 444 3078 quaeritr
455 3019 566 3063 iristitiam
576 3027 599 3062 ct
611 3033 707 3078 reprcunt
718 3018 765 3061 cius
776 3018 854 3078 (Patris
867 3021 947 3074 vestri,
962 3021 1014 3064 vide

140 3096 191 3140 lect.
204 3091 263 3151 var.)
278 3091 450 3134 commendatur
462 3106 487 3134 eo
497 3091 559 3150 quod
572 3090 674 3134 studium
684 3090 774 3135 virtutis
784 3091 821 3136 via
832 3094 864 3146 est
878 3091 907 3135 ad
917 3105 1015 3148 regnum

141 3166 179 3211 Dei
190 3166 212 3209 et
222 3164 276 3223 quia
286 3160 425 3222 quicumque
434 3161 537 3205 nondum
547 3164 580 3205 est
592 3161 617 3204 in
627 3175 698 3219 regno
712 3163 751 3207 Dei
760 3162 821 3208 hisce
830 3162 856 3207 in
871 3163 950 3217 terris,
964 3162 979 3207 i.
996 3177 1015 3207 e.
