2211 3575
454 202 528 239 uarrn.
545 199 564 246 3,
581 200 600 239 9.
933 197 971 237 lie

68 346 69 350 ,
87 302 198 355 sanctam,
212 313 284 359 genus
299 299 407 356 electum
425 300 453 345 ol.
471 303 532 358 ioan.
546 303 598 354 &33
615 313 662 359 seq.
672 298 691 355 1;
710 298 750 343 illa
765 297 868 344 cernitur
881 298 970 356 generis

86 370 203 431 superbia,
215 363 423 428 arrogantia‚'suae
433 371 532 417 iustitiae
544 372 635 426 fiducia,
652 386 698 430 qua
711 370 821 416 nuntium
831 370 970 415 messianum

83 444 165 502 'postea
175 432 204 486 ab
213 443 241 487 iis
250 456 296 487 esse
305 446 407 503 spretum
420 446 442 487 et
452 443 560 488 reiectum
571 442 677 487 videmus
691 440 726 499 (cl.
739 446 804 489 Rom.
820 447 874 498 hii
887 456 934 501 seq.
946 445 967 496 9,

81 517 126 569 ’32;
137 517 200 569 10‚3;
212 513 296 573 ileo).
306 517 387 559 Verum
396 515 456 558 hanc
465 513 596 573 superbiam
604 516 627 557 et
634 513 743 557 fiduciam
753 517 849 558 ioannes
857 512 969 558 subvertit

85 584 188 630 funditus
201 597 205 629 :
218 584 269 629 dieo
279 585 340 630 enlm
350 585 411 629 vobis
423 584 532 644 qrtoot'om
546 592 627 644 potens
638 592 670 628 est
681 586 741 627 Deus
755 582 782 627 cle
794 583 908 642 lapidibus
919 584 968 628 istis

31 646 32 649 ¹
85 655 195 700 suscitare
211 655 273 715 filios
290 655 394 701 Abrabae
409 663 435 714 τῷ
458 656 559 715 'Aspauia
578 653 630 700 Filii
645 654 707 699 enim
722 655 839 699 Abraham
854 669 901 699 uon
916 658 969 699 suut

86 727 226 787 quicumque
237 743 264 771 ex
274 727 390 771 Abrabam
401 726 554 781 descendunt;
562 726 587 770 id
596 725 643 770 iam
652 725 749 770 historia
758 727 782 770 in
791 727 872 771 Genesi
881 741 920 771 eos
929 725 967 771 do-

82 813 139 853 -cere
153 800 227 857 potuit
241 798 266 842 in
280 798 307 842 iis
323 812 381 857 quae
394 797 423 841 de
438 798 527 852 ismael,
543 797 571 858 de
585 796 639 841 filiis
653 799 756 853 Ceterae,
769 796 797 841 de
810 801 869 842 Esau
878 801 920 841 etc.
932 812 967 841 re-

84 858 196 914 feruntur.
213 871 297 921 Unde«
308 868 379 914 nolite
391 869 419 913 de
430 869 517 914 carnali
527 870 635 928 prosapia
644 869 790 929 patriarchae
800 863 903 925 gloriari,
914 868 967 928 quia
1004 899 1006 902 ·

84 954 130 985 non
143 940 239 1002 quitilii
252 940 334 996 carnis,
353 940 378 984 hi
393 940 436 984 filii
451 943 503 986 sunt
518 940 564 994 Dei,
581 940 628 985 secl
639 940 681 1000 qui
695 940 740 984 fide
758 942 780 984 et
794 940 903 999 operibus
913 954 966 984 eum

83 1011 170 1056 imitari
182 1012 282 1064 student,
298 1012 323 1056 hi
333 1012 483 1057 aestimantur
493 1011 518 1056 in
531 1013 617 1056 semine
631 1029 642 1053 u
655 1010 740 1072 (Boot),
753 1011 787 1055 uti
797 1011 898 1056 Christus
909 1026 965 1071 quo-

84 1098 129 1143 que
141 1083 198 1127 dixit
212 1099 216 1129 :
228 1083 247 1128 si
259 1083 302 1127 filii
314 1083 419 1128 Abrahae
433 1083 494 1136 estis,
507 1098 577 1142 opera
586 1083 694 1127 Abrahae
705 1082 774 1127 tacite
786 1082 857 1142 (teau.
870 1083 933 1143 8,39)
956 1086 965 1127 t
984 1083 986 1087 ’

83 1154 135 1198 vide
149 1158 214 1199 Rom.
227 1158 265 1209 9‚7
281 1167 342 1213 seq.;
353 1153 371 1198 ii
383 1153 476 1198 tandem
487 1168 540 1208 vere
555 1153 661 1197 filiisunt
673 1153 714 1213 qui
729 1152 831 1198 indolem
846 1154 917 1214 patris
925 1146 964 1198 'se-

84 1227 195 1285 quuntur‚
206 1225 253 1268 i.-e.
266 1225 306 1284 qui
321 1227 436 1270 sectantur
450 1224 545 1283 vestigia
555 1224 611 1268 fidei
624 1224 741 1269 Abraham
754 1224 828 1284 (Rom.
844 1226 914 1284 laih),
925 1226 966 1285 qui

83 1311 110 1341 ex
119 1295 164 1340 fide
174 1300 234 1352 sunt,
246 1295 263 1339 ii
272 1298 325 1339 sunt
332 1295 374 1339 filii
383 1296 498 1350 Abrahae,
509 1295 526 1348 ii
535 1295 704 1340 benedicentur
715 1310 767 1340 cum
776 1295 839 1339 fideli
849 1295 965 1341 Abraham
986 1286 988 1289 ,

85 1367 141 1427 (Gal.
161 1371 207 1420 3,7.
226 1367 255 1424 9).
278 1366 342 1411 Tales
358 1370 434 1411 autem
444 1357 490 1426 'qui
506 1366 550 1410 fide
567 1370 590 1411 et
606 1366 779 1411 obedientiam
795 1381 818 1410 se
834 1368 962 1427 exprimant
982 1407 983 1410 ,

83 1438 190 1483 Abrahae
200 1438 303 1483 indolem
313 1441 336 1482 et
346 1438 483 1496 exemplum,
495 1441 552 1482 Deus
561 1437 602 1497 qui
613 1438 729 1491 hominem
741 1437 850 1482 formavit
861 1438 962 1498 primum

83 1510 110 1554 de
126 1492 182 1553 linio
203 1512 298 1564 terreos
311 1509 380 1553 etiam
397 1524 425 1553 ea
444 1508 562 1568 lapidibus
582 1508 704 1567 sciscitare,
728 1524 807 1554 creare
826 1512 909 1569 potest.
928 1511 961 1554 rid

83 1581 213 1626 animorum
230 1580 353 1624 elationem
370 1595 421 1625 curn
438 1583 569 1639 contemptu
586 1580 760 1639 reprimendam
774 1573 875 1639 Baptista
889 1580 963 1638 digito

82 1650 203 1696 ostendens
213 1651 301 1710 lapides
309 1650 391 1695 deserti
400 1650 434 1709 (cle
443 1651 557 1707 lapididus
567 1650 625 1710 istos)
634 1651 662 1695 iis
673 1644 728 1695 dicit
739 1665 743 1695 :
756 1655 814 1696 Deus
823 1651 919 1695 minime
928 1652 963 1707 in·v
1023 1653 1026 1658 “

82 1722 146 1780 diget
153 1722 221 1767 vestri
231 1722 260 1765 ad
270 1736 337 1766 suum
345 1736 442 1778 regnum
451 1721 604 1777 condendum,
614 1724 685 1766 vestri
697 1721 771 1766 veluti
779 1722 881 1766 filiorum
891 1723 963 1767 blara-

81 1794 147 1847 ham,
165 1796 191 1837 ut
206 1793 303 1852 impleat
319 1792 479 1852 promissiones
498 1792 643 1853 patriarchae
659 1793 741 1848 factas,
760 1793 781 1836 ei
802 1793 887 1853 quippe
903 1783 962 1838 lilios

82 1880 159 1910 creare
169 1867 244 1924 potest
255 1879 282 1908 ex
292 1864 346 1923 ipsis
354 1863 481 1923 lapidibus3
492 1864 569 1923 itaque
579 1865 619 1908 etsi
632 1871 766 1920 resonares,
780 1864 850 1908 immo
861 1865 880 1909 si
889 1867 963 1909 totum
1008 1869 1009 1872 ’

25 1925 28 1932 ’
82 1936 145 1996 quod
156 1950 217 1979 nune
233 1934 289 1979 vivit
302 1949 374 1991 genus
388 1935 524 1989 humanum,
543 1934 698 1979 obedientiam
713 1939 758 1979 heo
773 1936 961 1992 detrectaveritis,

81 2012 138 2052 Deus
151 2020 250 2064 regnum
267 2019 333 2050 suum
344 2008 365 2049 et
377 2005 573 2050 innumerabilem
585 2006 744 2065 posteritatem
758 2006 872 2050 Abraham
883 2007 919 2051 vel
937 2022 963 2051 ex

103 2151 117 2181 1.
126 2149 151 2181 Eu
162 2147 239 2189 germina
251 2148 298 2182 iilius
312 2147 398 2191 opinionis
407 2157 451 2190 quae
461 2150 518 2190 postea
531 2148 615 2191 explicata
627 2150 654 2182 est
667 2148 714 2191 apud
725 2148 807 2192 rabbinos
818 2152 835 2182 et
843 2149 961 2191 talmudistas3

81 2202 144 2243 legitur·
152 2201 250 2235 Sanlredriu
261 2202 316 2241 f.so,1
327 2203 368 2234 :toti
379 2201 430 2234 israel
437 2202 469 2235 erit
479 2211 517 2244 pars
525 2202 543 2235 in
553 2202 623 2235 saeculo
631 2201 693 2235 futuro
703 2201 721 2245 (i.
731 2211 745 2235 e.
754 2202 772 2235 in
783 2202 864 2236 beatitate
872 2203 961 2245 messiano)

81 2255 98 2288 et
104 2254 192 2288 bereschit
202 2256 221 2287 u.
233 2257 268 2293 18‚7
280 2265 283 2285 :
295 2256 372 2295 tempore
380 2254 439 2287 tuturo
449 2254 533 2288 Abraham
543 2255 590 2288 sedet
599 2255 649 2287 iusta
659 2256 716 2295 portas
727 2254 813 2296 gehennae
822 2257 839 2288 et
849 2265 882 2288 nou
892 2257 961 2298 permit·

81 2308 102 2341 tit
116 2307 170 2340 ullum
180 2307 299 2339 circumcisum
311 2307 406 2339 israelitam
420 2316 441 2340 eo
455 2306 616 2346 descenderamus
629 2309 690 2350 terrm,
703 2307 737 2341 Fit.
755 2308 816 2341 Weiss.
828 2310 884 2350 itique
894 2308 961 2342 ratione

80 2361 127 2395 haud
137 2358 217 2400 absimili,
231 2362 250 2391 ut
262 2360 318 2393 saint.
333 2359 414 2399 advertit,
430 2361 463 2393 iam
474 2363 549 2403 tempore
563 2361 645 2394 teremiae
658 2359 709 2393 minis
719 2369 739 2394 ae
749 2360 911 2402 reprehensionibus
920 2372 960 2404 pro-

81 2414 141 2457 phetae
153 2413 271 2456 opponebant:
284 2413 366 2455 temptum
378 2413 453 2453 bomini¹
467 2408 547 2456 templum
559 2413 627 2447 Domini
638 2414 677 2456 (ier.
692 2415 726 2457 Μ)
740 2417 757 2447 et
766 2414 852 2448 Michaeas
861 2424 930 2458 quoque
940 2416 961 2450 de

79 2466 197 2511 peccatoribus
207 2476 266 2501 secure
276 2466 375 2500 viventibus
384 2467 438 2500 dicit:
450 2470 467 2500 et
478 2476 528 2510 super
539 2468 630 2500 Dorninum
639 2467 865 2509 rcquiescebantdicentes:
876 2469 961 2512 numquid

80 2531 115 2556 non
124 2520 210 2554 Dominus
221 2520 239 2554 iu
249 2520 306 2553 medio
318 2522 406 2554 nostrum?
417 2530 450 2554 non
463 2520 532 2555 venient
545 2530 595 2563 super
608 2530 640 2553 nos
651 2521 696 2554 maia
707 2521 765 2563 (nien
780 2522 828 2563 3‚11].
839 2539 859 2546 -
869 2524 890 2555 Et
900 2523 915 2556 si
925 2523 961 2556 rab·

80 2575 116 2609 bini
127 2574 149 2607 de
160 2573 221 2617 poenis
234 2573 252 2607 m
262 2573 316 2606 altera
329 2573 365 2607 vita
375 2572 475 2616 loquuntur,
489 2584 517 2608 eas
527 2576 584 2608 tamen
599 2584 630 2617 pro
638 2574 707 2608 Iudaeis
717 2584 750 2607 nou
761 2574 790 2607 diu
801 2575 863 2609 eiurare
873 2579 960 2616 asscruut3

79 2628 127 2662 rabbi
137 2627 190 2660 Akiba
200 2635 265 2660 meuses
279 2626 368 2660 duodecim
380 2627 454 2669 assignat
468 2627 496 2670 (cl.
507 2628 587 2662 Schitr'er·
600 2628 610 2661 l.
623 2637 637 2661 c,
651 2637 667 2671 p.
678 2628 716 2670 463)
728 2629 745 2660 et
757 2628 829 2662 Erchia
842 2632 861 2661 is
870 2628 960 2670 legiturab

79 2681 164 2715 Abraham
174 2673 234 2714 omues
245 2679 330 2712 israelitas
340 2679 362 2711 iri
373 2680 454 2717 eductum
466 2690 486 2714 ex
496 2681 573 2722 gehenna
583 2690 603 2714 eo
612 2681 668 2714 solum
679 2683 750 2724 excepto
761 2682 791 2722 qui
800 2682 821 2713 ad
834 2682 926 2715 Gutiraeam
935 2684 960 2715 in·
983 2699 986 2708 ›

79 2735 151 2768 traverit
160 2735 177 2766 et
186 2733 294 2776 praeputium
301 2732 392 2765 attraxerit
401 2733 425 2767 ita
433 2736 452 2766 ut
460 2735 493 2767 iam
505 2744 539 2766 non
547 2737 568 2766 ut
575 2734 649 2767 Iudaeus
656 2734 711 2775 possit
720 2734 788 2775 agnosci
799 2734 828 2775 (el,
842 2734 910 2774 ti'ebar,
920 2737 960 2778 Sys-

79 2790 113 2824 tem
125 2787 155 2820 der
163 2786 301 2829 altsyuagogalen
312 2786 369 2819 Theoi.
376 2795 397 2827 p.
408 2786 452 2830 373).
462 2787 540 2820 ceterum
549 2786 567 2819 in
577 2786 615 2820 aliis
624 2787 667 2819 loeis
677 2787 735 2828 impiis
745 2796 815 2829 (raroque
827 2787 909 2821 israelitis
919 2798 959 2831 poe·

80 2851 110 2875 nae
118 2850 182 2883 eaeque
195 2843 274 2874 aeternae
284 2840 405 2881 decernuntum
417 2849 444 2873 res
455 2841 499 2873 enim
509 2841 553 2873 inter
562 2849 580 2873 se
591 2839 687 2872 contrarias
695 2839 740 2881 aprrd
751 2839 832 2874 rabbinos
842 2842 915 2883 proponi
925 2852 959 2876 nou

80 2895 206 2929 estinsolitum.
217 2893 330 2927 Nihilominus
340 2892 436 2926 scribitEcti
446 2894 489 2926 1271
498 2892 644 2932 lruudimmerito,
655 2893 721 2926 nullum
729 2893 781 2927 aliam
791 2903 827 2927 rem
835 2895 888 2937 magis
898 2896 960 2929 animis
988 2897 990 2901 ⁴

80 2948 182 2988 ludaeorum
192 2946 244 2979 luisse
254 2947 322 2980 inliuam
331 2956 383 2990 (ruam
395 2955 462 2980 omnem
475 2945 527 2979 Israel
542 2948 607 2988 partem
618 2946 719 2980 habiturum
727 2947 745 2980 in
759 2947 828 2981 saeculo
838 2948 898 2981 futuro
907 2948 959 2991 idque

79 3001 169 3043 praecipue
179 3003 268 3042 propterea
279 3000 320 3042 quia
327 3009 386 3034 omues
394 3000 498 3034 descendant
508 2999 529 3032 ab
537 2999 628 3034 abranam.
640 3019 661 3025 η
669 3003 689 3034 Iu
702 3001 776 3035 Alcoran
784 3010 853 3044 quoque
860 3011 925 3044 poenae
934 3011 959 3035 ae·

80 3057 138 3088 ternae
145 3053 201 3087 solum
212 3052 234 3085 iis
241 3053 360 3087 decernuntur
370 3054 399 3095 qui
408 3054 524 3093 illatrumetum
535 3061 569 3085 nou
579 3056 621 3087 sunt
630 3055 694 3095 seeutt3
703 3054 759 3096 impiis
769 3055 894 3088 itiahumetonis
901 3055 918 3087 in
929 3064 959 3088 su-

78 3108 145 3150 periore
156 3110 203 3150 parte
211 3104 273 3139 inferni
282 3106 370 3140 collocatis
379 3108 417 3149 post
425 3101 493 3150 aliquod
504 3107 610 3150 pur'gationis
621 3109 690 3149 tempus
698 3107 773 3141 donatur
780 3108 862 3150 beatitas3
870 3117 906 3142 eam
914 3109 959 3142 euim

78 3160 174 3195 doctrinam
182 3158 266 3201 colligunt
276 3167 297 3192 ex
307 3160 350 3193 sura
362 3162 424 3200 tiabit

356 3217 482 3249 immurmuro
494 3225 511 3249 m
523 3218 590 3249 Mirm.
602 3216 615 3248 l.
627 3233 647 3239 -
658 3218 673 3249 7.
