2211 3575
348 189 350 193 ·
399 157 426 185 nn
441 156 504 186 remu
519 156 577 186 rann
593 135 708 186 nvnucmn.
969 147 994 187 55

110 253 253 300 'translatum
264 265 319 305 esse,
331 253 401 311 prout
411 250 508 311 quisque
518 251 625 311 potuerit,
638 250 732 296 videtur
747 252 932 297 concludendum
946 254 994 297 esse

114 329 175 371 hunc
186 326 270 369 statum
279 321 349 374 oratis
360 322 469 367 versionis
480 337 527 367 non
536 325 583 367 tam
592 322 658 368 brevi
668 323 759 367 finitum
770 330 824 368 esse.
839 327 912 375 Quare
925 326 993 382 puta-

114 397 186 443 verim
202 408 308 452 graecam
323 393 451 438 versionem
468 409 515 439 non
528 397 581 439 ante
596 410 683 439 annum
697 395 895 454 septuagesimum
909 395 997 439 factam

108 483 170 523 esse,
183 465 223 511 scd
235 479 283 508 non
293 469 344 524 post
359 460 446 509 annum
460 465 633 522 octogesimum.
648 466 689 517 Qui
702 470 782 511 autem
798 471 892 511 censent
908 470 993 510 Lucam

114 538 216 602 pendere
234 536 370 580 allatthaeo
388 550 479 593 graeco,
493 535 569 595 potius
583 535 629 580 iam
647 537 707 582 circa
720 552 807 582 annum
823 536 991 594 sexagesimum
1020 553 1022 558 ·

113 608 286 654 translationem
297 607 379 651 laetam
390 620 438 651 esse
447 607 566 652 tenebunt,
580 660 582 664 ἱ
616 656 618 660 ,

141 682 261 724 Decretum
280 681 365 722 Gomm.
384 677 441 722 Bibl.
461 678 488 722 de
507 682 610 737 tempore
629 679 768 724 redaetionis
784 682 856 723 nostri
876 678 992 737 Evangelii

113 749 249 796 haechabet
265 763 270 793 :
285 752 322 793 111:
341 751 418 793 Utrum
435 749 538 794 redemtio
553 749 623 802 huius
642 750 858 810 originalistpatrio
878 750 991 806 sermone)

112 825 185 867 teitus
196 820 284 865 differri
297 819 368 880 possit
378 821 440 864 ultra
452 826 543 880 tempus
556 820 681 865 eversionis
697 822 831 876 Jerusalem,
842 821 875 865 ita
897 824 922 864 ut
935 820 991 865 vati-

99 885 171 938 cinia
185 907 244 951 quae
264 893 292 937 de
313 891 394 937 eadem
411 891 528 937 eversione
544 891 579 936 ibi
592 891 715 949 leguntur,
728 893 812 953 scripta
837 892 921 937 fuerint
940 895 992 951 post

48 976 49 980 ’
114 966 232 1018 eventum3
248 966 287 1008 aut
301 963 364 1023 quod
378 964 474 1021 allegari
491 963 549 1009 solet
563 964 652 1008 lrenaei
671 964 829 1009 testimonium
845 964 906 1023 (adv.
924 963 989 1008 haer.
1034 955 1051 1009 J

111 1036 152 1080 lib.
169 1039 191 1089 3,
204 1050 254 1094 cap.
271 1038 281 1079 1
299 1050 322 1079 n,
339 1033 370 1095 2),
385 1031 486 1079 incertae
500 1036 523 1079 et
540 1037 702 1080 controversae
714 1034 922 1095 interpretationis,
932 1034 991 1078 tanti

111 1106 221 1167 ponderis
234 1105 262 1150 sit
275 1106 461 1162 existimandum,
476 1109 501 1149 ut
514 1109 584 1169 cogat
597 1107 691 1150 reiicere
708 1121 789 1150 eorum
802 1105 940 1150 sententiam
950 1105 991 1164 qui

111 1177 274 1235 congruentius
295 1176 415 1221 traditioni
433 1180 526 1222 censent
544 1176 651 1220 eamdem
672 1178 827 1222 redactionem
849 1178 917 1226 etiam
937 1179 989 1220 ante

111 1248 175 1293 Pauli
194 1248 219 1292 in
242 1249 326 1292 Urbem
345 1247 470 1291 adventum
490 1247 560 1293 fuisse
583 1248 724 1310 corrfectam‘l
744 1252 812 1307 Resp.
830 1247 939 1304 Negative
960 1247 989 1289 ad

110 1322 232 1377 utramque
246 1321 344 1377 partem.
359 1320 421 1362 Deae
429 1318 445 1348 13
455 1322 521 1363 2150.

327 1482 386 1515 VIII,
400 1500 423 1505 —
436 1482 468 1514 De
481 1481 547 1515 textu
560 1481 627 1524 primi
640 1481 767 1524 Evangelii.

140 1601 160 1641 1.
175 1598 321 1648 Quaestiones
334 1612 395 1656 quae
408 1597 557 1641 traditionem
573 1601 647 1642 textus
660 1598 731 1657 primi
743 1598 863 1655 Evangelii
879 1598 985 1652 attinent,

109 1657 204 1712 eaedem
213 1671 272 1723 sunt,
283 1683 343 1726 qnae
353 1668 451 1717 detentu
460 1682 543 1725 graeco
554 1668 719 1712 NTestamenti
729 1668 754 1712 in
763 1683 857 1725 genere,
867 1668 986 1728 speciatim

74 1734 76 1738 ’
109 1739 215 1782 detentu
235 1738 416 1795 Evangeliorum
433 1741 563 1782 moventur.
580 1741 666 1783 Auctor
685 1739 847 1782 commentarii
866 1739 987 1798 adscripsit

96 1836 99 1843 κ
108 1811 170 1853 textu
187 1812 296 1865 graecum
314 1824 340 1852 ex
357 1809 433 1853 codice
447 1809 555 1853 Vaticano
570 1808 638 1868 (Lech
654 1800 987 1868 Vat.,1aer).ouem'texram

108 1883 202 1939 propter
211 1880 311 1923 rationes
322 1879 345 1923 in
358 1879 502 1939 praelatione
513 1880 595 1925 allatas
608 1881 740 1932 retinemus.
752 1882 882 1940 Apparatus
896 1882 986 1924 contec-

82 1977 83 1981 =
107 1953 144 1995 tus
155 1953 188 1995 est
201 1950 328 1994 secundum
344 1950 468 1995 editionem
487 1952 589 1995 octavam
605 1951 709 1995 criticam
725 1951 839 1995 maiorem
854 1946 987 1997 aTr'selien-

109 2021 163 2078 storf
175 2022 198 2065 C.
213 2019 360 2080 (iser-1872)
372 2016 485 2081 paratam.
500 2023 582 2066 Textus
594 2013 643 2081 ipse
657 2023 748 2081 saepius
763 2021 792 2065 ad
806 2023 905 2066 formam
918 2023 986 2066 huius

108 2091 214 2135 editionis
228 2094 250 2135 et
263 2085 370 2136 editionis
384 2107 397 2135 a
415 2093 445 2136 W
445 2100 522 2136 estcott
536 2093 580 2136 BF.
596 2096 618 2136 et
628 2094 686 2136 Hert
698 2094 758 2136 FJA.
777 2092 832 2152 (The
841 2095 895 2137 Nevv
910 2095 986 2137 Testa-

108 2162 205 2207 mantin
222 2164 261 2206 the
277 2162 379 2219 original
394 2162 466 2207 Greek
480 2167 526 2216 1⁴2,
541 2163 675 2223 last-1882)
688 2164 809 2220 evulgatae
823 2164 930 2208 redactus
944 2167 984 2207 est.

136 2236 167 2277 111
176 2234 329 2291 hocte'mpore
339 2232 516 2277 labores‘critiei
526 2248 637 2290 magnum
647 2233 816 2278 incrementum
828 2237 983 2293 sumpserunt,

107 2302 175 2347 multi
185 2303 273 2351 codices
284 2303 373 2347 inventi
381 2306 440 2357 sunt,
451 2303 565 2347 versiones
576 2303 685 2362 antiquae
697 2318 723 2346 ex
736 2306 802 2362 parte
814 2303 891 2348 denuo
900 2303 983 2348 editae.

106 2375 226 2417 Praeterea
237 2373 296 2418 duae
309 2373 420 2417 editiones
434 2373 526 2418 criticae
537 2374 562 2418 in
576 2374 650 2418 lucem
662 2372 807 2433 prodierunt.
822 2374 899 2418 Altera
910 2374 985 2418 maior

108 2457 120 2487 a
132 2459 175 2487 core
185 2441 262 2488 Sedere
272 2445 348 2488 Herna
360 2443 432 2501 longo
443 2443 517 2488 studio
532 2458 584 2488 eum
594 2443 700 2503 pluribus
711 2443 852 2488 adiutoribus
866 2444 985 2488 elaborata

108 2514 152 2570 (Die
165 2514 280 2559 Schriften
298 2516 337 2559 des
352 2517 431 2559 Neuen
444 2517 585 2560 Testaments
596 2514 621 2558 in
633 2515 698 2559 ihrer
711 2514 808 2559 altesten
821 2515 986 2559 erreichbaren

106 2586 242 2642 Textgestalt
259 2585 396 2643 hergestellt
411 2586 452 2630 aut
469 2586 547 2630 Grund
562 2584 627 2629 ihrer
646 2585 833 2643 Tertgeschichte
851 2589 897 2640 1-2,
917 2589 985 2629 1902-

109 2656 183 2717 1913).
199 2660 260 2707 Quae
273 2657 343 2703 editio
353 2657 458 2716 quanwis
467 2672 512 2701 non
524 2657 618 2701 omnino
629 2656 793 2715 exspectationi
806 2656 927 2700 doctorum
937 2670 985 2700 res-
1021 2648 1024 2652 ¹

106 2728 237 2785 pondeatet
249 2728 274 2772 in
284 2728 388 2788 plurimis
401 2728 475 2782 minus
487 2731 594 2772 accurata
609 2728 645 2781 sit,
655 2729 733 2771 tamen
744 2731 839 2786 propter
847 2729 986 2786 apparatum

107 2798 289 2857 copiosissimum
301 2814 327 2843 eu
341 2798 460 2843 codicibus
473 2798 626 2847 recentissime
637 2797 738 2842 inventis
749 2797 871 2842 collectum
881 2812 985 2843 summae

107 2868 212 2920 utilitatis
232 2873 254 2914 et
272 2869 413 2914 necessitatis
432 2872 471 2914 est.
491 2870 568 2913 Altera
588 2868 659 2913 editio
679 2869 755 2913 minor
773 2869 867 2928 quidem
888 2868 930 2913 sed
950 2869 986 2914 sui

106 2939 188 2983 valoris
195 2944 275 2985 curata
285 2944 318 2986 est
328 2957 342 2985 a
353 2940 433 3000 Voqets
441 2942 484 2984 HJ,
497 2940 595 3000 (Novum
605 2943 776 2985 Testamentum
790 2954 881 2997 graece,
893 2942 986 2983 l'extum

106 3010 226 3062 recensuit,
242 3014 387 3071 Apparatum
401 3011 506 3056 criticum
524 3026 550 3056 ex
567 3011 708 3056 editionibus
729 3014 751 3055 et
767 3011 884 3055 codicibus
903 3024 986 3055 manu-

106 3080 195 3140 scriptis
205 3081 326 3127 collectum
339 3083 437 3140 addidit,
451 3083 526 3143 lero).
539 3078 598 3133 Quae
612 3082 681 3127 editio
687 3081 768 3141 'cpioad
780 3085 915 3141 apparatum
928 3096 985 3140 pen-
