2239 3511
118 189 158 229 302
230 212 232 215 .
467 197 542 227 rrarru.
559 188 578 234 6,
594 188 636 226 2-3.

116 280 178 327 bona
186 286 217 327 est
226 285 299 327 oratio
309 299 359 328 cum
367 285 454 329 ieiunio
463 289 484 328 et
492 285 635 342 eleemosyna
645 283 721 341 megis
731 270 798 342 quam
808 282 924 326 thesauros
936 278 987 324 auri

116 353 236 397 recondere
248 354 311 413 (Tob.
325 356 395 416 1e,8);
410 356 475 401 facile
484 360 561 401 autem
576 356 603 400 iis
611 355 687 400 subest
699 350 796 409 ¹vanitas,
811 353 845 396 uti
854 353 987 412 pharisaeus

117 437 182 467 orans
193 427 245 469 Luc.
260 429 334 481 18,11.
348 431 374 471 12
384 427 488 472 ostendit.
504 429 568 472 Hisce
585 427 655 471 tribus
670 426 739 471 etiem
748 427 794 469 teta
809 424 857 467 vite
865 436 987 481 omnesque

115 494 187 539 ammi
196 498 271 541 motus
280 497 323 542 rite
332 498 490 558 disponentes.
501 502 559 544 Nam
570 496 663 543 docente
674 499 698 543 S.
712 497 793 541 thoma
803 495 946 552 eleemosyna
956 495 988 536 est

115 569 193 611 contre
209 570 418 632 concupiscentiam
438 559 568 623 oculorum,
589 570 659 615 oratio
675 572 755 614 contra
768 566 900 628 superbiam
914 564 986 627 tritae,

114 636 222 683 ieiunium
232 643 312 685 contre
320 643 525 703 concupiscentiam
534 643 619 699 carnis;
627 642 704 702 prima
712 640 801 685 ordinat
810 639 840 683 ad
850 638 986 698 proximum,

115 709 213 754 secunda
229 711 259 770 ud
282 715 361 771 Deum,
378 715 449 761 tertie
468 715 616 775 adseipsum.
634 714 707 772 Igitur
724 728 745 757 v.
763 716 776 755 2
794 725 847 755 cam
863 724 913 768 erqo
928 707 988 767 fucis

115 780 291 842 eleemosynam,
311 785 359 830 aeli
373 785 428 831 tecte
444 802 522 832 cauere
541 793 594 831 ente
612 794 643 841 te,
660 785 721 830 sicut
737 784 869 844 hypocritae
883 779 989 842 facietne·

118 872 128 893 c
140 854 183 898 hoc
193 854 259 910 dicit,
276 871 321 900 non
332 857 393 915 quod
407 858 441 902 illi
451 858 515 903 tubas
525 858 650 913 heberent,
669 857 710 901 sed
720 861 745 900 ut
758 869 867 912 magnam
876 852 989 897 insaniam
1030 870 1032 872 ’

114 925 227 980 ostendet,
240 926 293 970 illos
305 929 348 973 hac
359 930 493 989 metaphora
507 929 597 973 deridet
607 932 627 972 et
637 927 739 973 traducit
756 945 765 967 r
783 927 816 986 (S.
835 924 932 985 (Περεῖ
957 924 989 966 esi

114 994 169 1040 techa
185 1011 264 1042 carzere
276 999 347 1043 omnis
357 1003 421 1044 actus
431 1001 467 1045 vel
475 1005 549 1045 sermo
559 1015 601 1060 per
610 1013 679 1059 quern
690 999 763 1058 operis
772 996 882 1041 iactantia
895 995 988 1039 demon·
1037 1043 1038 1046 Ἰ

113 1063 197 1112 stratur
211 1068 257 1129 (ep.
271 1069 348 1130 imp),
365 1073 398 1115 est
419 1071 476 1115 velle
492 1072 632 1116 innotescere
653 1070 688 1130 (S.
705 1067 785 1129 dap),
803 1067 861 1111 velle
879 1066 988 1112 celebrari

116 1138 230 1200 (theoph.)
241 1140 340 1201 ideoque
355 1157 404 1187 rem
415 1142 531 1187 instituere
543 1157 595 1196 cum
612 1144 726 1202 apparatu
741 1143 762 1185 et
771 1154 858 1200 pompa
876 1137 986 1199 quadam,

112 1213 139 1254 ut
155 1210 275 1256 admiratio
290 1212 409 1258 hominum
421 1214 536 1258 excitetur.
557 1216 584 1258 m
598 1214 630 1258 ita
641 1213 778 1257 locutionem
795 1211 901 1271 plerique
911 1208 988 1253 conci-

45 1279 46 1282 ’
111 1283 180 1341 pinni
192 1283 227 1342 (cl.
238 1284 265 1328 S.
276 1284 351 1332 Tlrcm.
362 1285 418 1330 rae.
431 1287 481 1330 Ber.
493 1286 557 1345 Syia.
568 1278 641 1331 Culm.
652 1286 709 1335 Ara.
721 1283 818 1343 Schepy,
832 1282 932 1336 Selinus,
943 1278 986 1325 Fil.
1000 1280 1001 1284 ’

117 1354 197 1409 Weiss,
211 1355 262 1400 Keil
277 1355 341 1416 ete),
357 1372 382 1401 eo
401 1356 468 1401 modo
486 1372 530 1417 quo
547 1357 625 1401 Cicero
642 1355 710 1410 dicit,
725 1359 747 1399 te
757 1354 927 1398 lenocinatorem
938 1352 987 1395 fore
1009 1415 1011 1419 V

112 1425 282 1470 existimationis
299 1441 361 1471 meae
378 1427 428 1487 (ap.
447 1427 476 1472 ed
493 1428 577 1472 divers.
596 1427 679 1487 lam).
695 1429 750 1471 Sunt
760 1424 853 1485 quidem
868 1424 934 1468 etiam
948 1423 988 1482 qui

110 1496 182 1540 verba
200 1498 294 1556 proprie
314 1499 416 1558 capiant,
437 1499 568 1559 pharisaeos
587 1499 694 1556 clangore
713 1498 780 1541 tubae
802 1494 987 1540 annuntiandum

112 1582 201 1612 curasse
217 1583 239 1612 se
250 1569 403 1628 eleemosynas
419 1569 555 1615 distribuere
566 1569 607 1630 (ita
616 1584 667 1619 τινες
682 1569 744 1629 apud
756 1568 825 1613 aare.
843 1568 874 1627 ql.
886 1566 933 1611 ord.
946 1568 985 1610 Br.

112 1641 171 1684 Tost.
191 1640 238 1684 Gai.
258 1641 319 1685 luas.
337 1640 355 1701 );
370 1645 393 1686 at
412 1641 479 1686 huius
495 1656 549 1686 usus
563 1642 650 1686 nullum
670 1644 742 1685 exstat
756 1640 891 1698 vestigium3
911 1658 920 1680 «
940 1653 987 1682 non

108 1706 197 1767 inveni,
217 1712 368 1771 quaesiverim
387 1712 443 1756 licet
465 1714 563 1758 multum
590 1713 705 1773 serioque,
724 1712 760 1756 vel
776 1711 899 1755 minimum
917 1710 987 1754 tubee

107 1783 229 1840 vestigium
248 1783 274 1827 in
293 1778 433 1843 praestandis
450 1784 598 1842 eleemosynis
617 1803 626 1824 u
646 1784 726 1828 scribit
747 1779 776 1827 ad
794 1784 818 1826 h.
834 1783 850 1826 1.
869 1781 984 1840 Liyhtfoot

107 1869 133 1913 p.
144 1857 194 1897 297.
206 1857 232 1898 nt
241 1868 295 1898 cum
305 1854 392 1900 dicatur
403 1855 463 1900 sicat
470 1856 562 1915 societur
571 1856 595 1899 cir
604 1855 726 1916 ryneyepis
733 1855 748 1909 ¹,
759 1855 838 1912 utiquc
849 1853 903 1897 tuba
911 1852 987 1896 exclu-

108 1924 181 1981 ditur,
195 1926 386 1971 manetiactantia
397 1929 420 1971 et
431 1929 557 1971 ostentatio.
571 1926 668 1972 Sabbato
683 1925 852 1983 colligebantur
862 1926 985 1981 elcemosy-

109 2011 153 2040 nae
163 1996 187 2040 in
197 1998 321 2055 synagogis
331 2001 352 2042 et
361 1998 560 2043 distribuebantur
569 1998 709 2058 pauperibus
718 2011 809 2056 vespere
820 1995 916 2041 sabbati.
929 1997 986 2038 Sunt
1018 2046 1021 2048 ¹

100 2068 252 2130 hypocritae,
265 2072 291 2113 ut
302 2070 375 2114 verbis
385 2071 410 2115 S.
427 2070 484 2129 Any.
502 2073 565 2125 uter,
580 2070 733 2124 simulatores⁷
746 2072 864 2127 tamquam
880 2082 984 2127 pronun·
1033 2068 1034 2071 ’

106 2139 201 2183 tiatores
213 2148 363 2199 personarum
378 2141 515 2196 alienerum,
530 2141 590 2186 sicut
605 2141 629 2185 in
641 2140 758 2185 theatricis
773 2138 868 2193 ialoulis3
883 2137 986 2198 quisquis

108 2225 132 2255 se
149 2212 197 2255 vult
213 2211 288 2256 videri
307 2213 366 2272 quod
383 2228 432 2257 non
451 2215 492 2268 est,
509 2213 628 2272 hypocrite
645 2215 686 2257 est.
703 2210 798 2256 Simulat
811 2210 873 2255 enim
887 2210 984 2265 iustum,

107 2296 155 2326 uon
165 2282 267 2337 exhibet,
281 2283 335 2342 quia
344 2286 416 2328 totum
427 2285 524 2329 fructum
534 2284 561 2328 in
570 2284 635 2328 laude
644 2285 765 2329 hominum
775 2282 842 2343 ponit
856 2272 924 2341 quam
933 2294 985 2340 pos-

107 2357 161 2397 sunt
176 2354 242 2398 etiem
260 2355 390 2401 simulantes
406 2357 533 2416 percipere,
554 2355 609 2400 dum
623 2356 706 2399 fallunt
722 2368 757 2399 ees
775 2354 859 2413 quibus
879 2353 985 2397 videntur

107 2425 174 2478 boni;
182 2425 385 2484 ecebouorr'yiceutur
393 2426 423 2471 ab
434 2427 570 2471 hominibus.
579 2426 713 2471 Grevissimc
722 2426 800 2469 asserit
809 2424 910 2468 Christus
917 2437 985 2468 ericen
1011 2430 1012 2434 ’

109 2495 160 2539 dico
176 2495 235 2540 cobis
249 2496 372 2557 (cl.5,18)‚
389 2497 448 2541 tales
463 2498 491 2541 ab
503 2498 635 2556 inspectore
648 2497 724 2542 cordis
733 2498 782 2541 'Deo
796 2495 925 2541 mercedem
935 2509 983 2539 non

108 2566 206 2623 habere,
218 2567 262 2611 nisi
268 2567 370 2612 fallaciae
378 2568 527 2628 supplicium,
539 2576 673 2628 receperunt
682 2568 806 2613 mercedem
816 2582 894 2621 secem,
905 2570 984 2612 tenent

107 2636 133 2684 id
144 2639 204 2698 quod
214 2639 281 2683 unice
290 2639 433 2699 spectabant;
444 2655 507 2685 secem
517 2641 566 2685 scil.
577 2655 623 2685 non
633 2642 683 2696 Dei,
696 2655 760 2685 suam
770 2641 824 2700 quia
835 2654 903 2698 quam
914 2655 983 2699 quae-

108 2711 196 2765 sierunt
209 2711 313 2767 laudem,
324 2712 420 2757 ferentes
430 2727 522 2772 pensum
532 2713 618 2757 erroris
627 2715 752 2774 etpoenam
768 2727 837 2772 quam
853 2714 983 2756 meruerant

108 2783 182 2842 culpis
192 2783 335 2841 exigentibus
344 2791 451 2844 recepere
464 2784 573 2844 (Pacci).

139 2858 206 2898 Porro
217 2854 284 2899 docet
295 2856 407 2915 quomodo
419 2857 532 2914 agendum
546 2856 586 2911 sit,
599 2857 656 2901 utin
668 2857 745 2900 futuro
756 2855 870 2899 coroneris
881 2854 981 2914 (Puscb.)
1005 2874 1007 2880 ’

108 2942 131 2970 v.
147 2930 159 2969 3
174 2934 193 2969 te
203 2934 277 2970 etitem
288 2927 384 2985 faciente
394 2927 562 2989 eleemosynam
579 2929 664 2973 nesciet
679 2927 771 2972 sinistre
786 2936 825 2971 teca
841 2927 898 2986 quid
907 2928 982 2988 faceat

108 2998 201 3042 dextere
218 3006 270 3053 teca;
289 3016 299 3039 u
320 2999 466 3059 hyperbolice
482 3000 505 3045 id
521 2999 610 3060 posuit3
623 3014 677 3044 nam
691 2999 711 3042 si
727 2998 775 3043 tieri
786 3002 874 3060 posset,
892 2999 978 3059 inquit,

130 3127 144 3156 1.
155 3123 184 3156 Uti
193 3124 221 3156 Ed.
232 3124 263 3165 Ip.
277 3124 313 3156 196.
322 3126 351 3156 539
360 3126 417 3163 notet.
427 3134 466 3157 vasa
474 3124 501 3158 ille
509 3134 538 3158 seu
547 3123 618 3166 pyxides
626 3116 646 3157 ad
654 3123 770 3167 eleemosynas
785 3107 888 3166 colligendas
896 3122 980 3157 habebant
1034 3152 1037 3156 ,

106 3177 179 3210 loturam
189 3177 238 3210 tubae
246 3176 282 3219 (the
291 3176 342 3210 boues
349 3186 393 3211 uere
401 3177 560 3221 trumpet-sheped);
569 3176 608 3210 inde
616 3177 697 3220 explicari
705 3177 803 3212 allusionem
810 3188 820 3211 a
835 3177 901 3211 christo
908 3177 979 3210 iactam.
