2239 3511
187 175 225 215 178
540 187 616 217 orama.
632 178 650 226 3,
667 176 706 242 7-9.

188 275 243 319 facit
256 277 389 335 :progenies
405 277 532 336 viperarum
542 277 557 319 i.
571 290 590 320 e.
608 275 704 334 pessima
719 275 809 319 soboles
826 277 939 320 maiorum
956 276 1064 335 progeni-

189 350 276 399 torum,
290 346 372 405 quibus
384 347 460 408 itaque
474 347 573 405 pravitas
584 349 605 390 et
617 346 726 405 iniquitas
741 347 807 405 quasi
817 347 866 391 iure
880 346 1018 390 hereditario
1032 349 1064 392 est

188 417 326 461 transmissa.
345 420 405 469 Quae
423 419 451 461 sit
470 418 533 461 notio
547 417 661 475 colligitur
678 432 704 461 ex
719 419 745 462 Is.
764 421 816 472 59,5
834 421 855 462 et
870 420 905 462 Ps.
922 420 987 470 57,5;
1005 417 1063 460 desi-

189 490 290 544 gnantur
301 488 405 533 homiues
414 490 500 548 peccati
513 504 598 533 veneno
616 489 703 545 infecti,
720 488 771 533 aliis
788 503 879 548 quoque
895 488 994 532 maxime
1011 502 1062 546 per-

188 559 281 615 niciosi,
306 559 412 604 obdurati
434 564 455 604 et
478 563 621 605 contumaces
641 561 670 605 ad
692 575 784 605 omnem
805 560 993 605 exhortationem.
1018 561 1062 603 Hac

189 632 324 689 gravissima
337 632 556 691 reprehensione'illi
565 633 707 692 excipiuntur
717 633 757 692 qui
765 632 836 676 veluti
847 632 914 695 duces
925 646 950 674 ac
960 630 1062 674 doctores

188 703 269 762 populi
282 705 429 762 reputantur3
445 719 515 764 quare
530 705 669 762 evangelista
683 704 759 749 statim
776 703 806 748 ab
823 703 887 747 initio
898 701 964 746 nobis
978 700 1064 744 indicat

189 775 268 834 quales
279 789 377 832 regnum
391 776 504 820 coelorum
521 776 706 836 appropinquans
720 776 855 820 habiturum
869 774 896 820 sit
912 773 1061 828 adversarios,

189 846 268 905 quales
278 846 361 890 misera
371 846 434 905 plebs
447 847 581 891 seductores.

218 919 259 961 Eos
272 920 348 961 auteur
367 932 419 961 cum
431 920 547 976 tamquam
560 918 602 961 filii
616 918 730 962 Abrabam
747 934 770 962 se
783 922 888 962 censeant
905 922 948 963 Deo
962 924 1063 980 acceptos

188 1003 262 1047 neque
280 988 327 1031 ulia
341 988 445 1045 indigere
459 989 600 1047 poenitentia
621 990 678 1033 iram
696 989 798 1033 divinam
818 989 918 1047 effugere
937 1005 983 1035 non
1000 1007 1063 1051 posse

187 1062 281 1103 loannes
292 1059 393 1116 graviter
403 1062 477 1103 monet
490 1060 539 1119 quis
548 1059 706 1105 deruoostraoit
717 1059 780 1104 cobis
791 1060 870 1119 sapere
881 1075 895 1103 u
906 1069 1001 1106 uentura
1011 1063 1074 1107 ira.fv

169 1150 171 1153 ’
187 1133 220 1185 τίς
235 1129 346 1189 taetrior,
360 1137 410 1196 quis
422 1137 501 1181 docuit
511 1138 564 1181 vos?
577 1137 593 1181 i.
609 1153 628 1183 0,
639 1153 686 1182 non
698 1140 730 1181 est
741 1138 781 1196 qui
791 1153 831 1182 vos
841 1138 953 1193 docuerit;
968 1140 1062 1185 minime
1076 1143 1077 1146 ’

188 1208 301 1270 effugietis
315 1207 425 1252 ultionem
438 1211 564 1254 venturam.
581 1209 664 1254 Eodem
678 1223 744 1253 sensu
759 1209 860 1253 Christus
870 1224 907 1253 eos
917 1212 1062 1269 postmodum

148 1298 149 1301 ¹
188 1279 347 1339 compellavit:
360 1283 473 1338 serpentes
484 1280 601 1337 genimina
608 1282 747 1340 viperarum,
758 1280 872 1339 quomodo
881 1280 974 1337 fugietis
981 1297 995 1326 a
1003 1282 1062 1326 iudi-

188 1350 224 1394 cio
234 1350 367 1408 gehennae?
377 1351 406 1394 cf.
424 1352 479 1410 Lep.
496 1350 559 1409 Sesto.
577 1352 649 1396 Calin.
665 1354 725 1396 Patr.
742 1351 846 1407 Scirona,
859 1351 920 1411 quod
938 1352 977 1396 alii
990 1368 1061 1412 quan-

187 1420 265 1480 doque
280 1422 360 1465 volunt
377 1422 447 1466 verba
467 1436 511 1465 esse
529 1422 660 1466 admirantis
686 1422 747 1481 quod
768 1422 889 1466 hominum
912 1437 983 1479 genus
1005 1424 1064 1472 adeo

186 1507 319 1551 perversum
331 1492 386 1536 velit
399 1493 530 1552 resipiscere
541 1493 569 1552 (T
568 1494 648 1552 deoplr.
661 1492 714 1538 Fau.
737 1494 884 1552 0001000),
897 1497 991 1553 propter
999 1510 1061 1539 com-

186 1564 332 1622 pellationem
343 1565 466 1622 etproptcr
479 1578 499 1607 v.
513 1568 525 1607 9
540 1578 585 1623 seq.
601 1563 690 1608 admitti
706 1563 793 1623 nequit.
809 1567 905 1608 Vocatur
918 1564 953 1608 aa
966 1575 1061 1610 oeotruu

186 1634 243 1679 ultio
257 1637 278 1678 et
291 1634 393 1678 vindicta
408 1636 445 1678 Dei
461 1636 615 1694 peecatoribus
627 1636 760 1690 imminens;
778 1638 846 1695 atque
862 1636 922 1679 hanc
932 1636 1000 1693 simul
1010 1652 1061 1682 cum

186 1721 259 1764 regno
279 1705 392 1750 coelorum
406 1706 602 1765 appropinquante
615 1707 692 1751 adfore
705 1709 799 1750 Ioannes
816 1707 895 1751 eodem
910 1707 978 1751 modo
996 1709 1062 1752 docet

187 1793 233 1836 quo
248 1776 372 1836 prophetae
388 1777 433 1820 iam
447 1777 562 1820 vaticinati
578 1781 642 1821 erant
660 1777 728 1821 simul
743 1792 796 1820 cum
815 1778 979 1822 instauratione
996 1779 1060 1823 theo-

186 1849 270 1893 cratiae
282 1848 331 1891 fore
344 1851 369 1891 ut
384 1850 441 1891 Deus
459 1848 589 1905 gravissime
599 1841 625 1892 ¹iu
643 1849 717 1892 hostes
733 1862 784 1892 suos
796 1848 972 1903 animadvertam
988 1850 1016 1894 cf.
1033 1846 1058 1895 Is‘ss

186 1924 265 1975 50‚11;
278 1922 385 1977 56,9seq.
398 1922 488 1973 63,t-6;
502 1923 567 1972 6915
578 1922 599 1963 et
608 1919 743 1978 praeprimis
751 1919 801 1963 aral.
813 1924 859 1974 33,
871 1923 891 1962 3.
908 1923 967 1970 Quae
977 1921 1012 1964 ira
1023 1922 1061 1966 Dei

187 1993 211 2034 ut
223 1990 353 2047 effugietur,
365 1990 506 2049 poenitentia
519 2005 573 2049 opus
584 1994 625 2043 est;
636 1990 679 2034 hac
689 1993 766 2034 autem
775 1990 810 2034 illi
819 2005 841 2034 se
851 1990 957 2047 indigere
967 1996 1059 2049 negant,

185 2062 219 2105 uti
230 2076 257 2106 ex
267 2076 288 2105 v.
301 2065 313 2105 9
324 2061 433 2120 seqnitur.
445 2060 544 2105 Ostendit
553 2061 629 2120 itaque
638 2064 730 2106 Ioannes
737 2060 795 2119 quid
803 2075 872 2117 agere
882 2061 979 2106 debeant
987 2063 1005 2107 si
1014 2077 1060 2108 om-

186 2133 242 2176 nino
254 2131 365 2176 iudicium
377 2132 499 2177 imminens
512 2132 581 2176 velint
594 2132 695 2190 effugere
703 2147 724 2176 v.
739 2136 753 2175 8
765 2132 835 2191 jacite
845 2147 897 2191 erpo
906 2133 1010 2190 fructum
1026 2133 1061 2178 di-

185 2219 256 2263 poam
267 2203 420 2262 pccru'teutr'ae
435 2203 451 2248 i.
468 2218 487 2247 c.
504 2204 522 2247 si
534 2217 580 2248 000
592 2204 659 2248 vultis
672 2203 773 2247 exscindi
784 2207 806 2247 et
814 2204 839 2247 in
848 2204 926 2261 ignem
936 2203 1018 2269 proiici
1028 2205 1062 2249 uti

186 2275 255 2319 arbor
264 2274 412 2328 infructuosa,
426 2289 495 2333 quam
505 2275 591 2319 arboris
599 2275 724 2333 imaginem
734 2290 755 2319 v.
769 2279 797 2320 10
809 2275 913 2334 explicite
923 2276 1061 2335 propositam

185 2346 224 2391 hic
235 2347 282 2390 iam
296 2346 326 2390 ob
336 2345 413 2390 oculos
428 2346 503 2390 habet.
522 2346 583 2389 Talia
596 2346 672 2406 itaque
688 2346 756 2389 edant
771 2360 841 2406 opera
853 2345 937 2405 quibus
947 2349 1024 2404 pateat
1039 2361 1062 2390 se

186 2417 304 2476 poenitere
319 2419 341 2460 00
353 2417 390 2461 ad
410 2417 527 2461 meliorem
541 2417 632 2473 frugem
650 2419 775 2470 revertere;
795 2433 805 2456 0
825 2415 875 2460 date
895 2430 999 2475 operam,
1017 2431 1062 2461 non

187 2487 272 2540 verbo,
287 2486 362 2531 sedne
378 2486 439 2545 ipsa,
455 2487 619 2545 resipiscentia,
636 2487 741 2545 inquam,
757 2485 877 2545 studioque
890 2487 1009 2542 virtutum,
1025 2488 1064 2547 qui

186 2558 340 2618 poenitentiae
350 2560 402 2602 sunt
411 2558 498 2601 fructus
509 2575 519 2598 0
535 2557 626 2614 (Ρο0·.);
638 2558 666 2602 cf.
678 2560 724 2601 Act.
737 2561 817 2611 96,99;
830 2575 841 2598 a
855 2556 917 2602 vides
928 2558 984 2617 quid
993 2557 1061 2612 dicat,

187 2631 296 2690 quoniam
308 2643 355 2673 nou
373 2631 461 2688 oportet
473 2629 544 2673 solum
558 2628 636 2685 fugere
652 2628 772 2685 malitiam,
790 2628 829 2673 sed
840 2629 909 2674 etiam
919 2629 1005 2673 fructus
1019 2630 1062 2672 vir-

187 2703 240 2746 tutis
249 2703 323 2746 facere
335 2719 345 2741 0
362 2699 488 2761 (mensib).
814 2760 816 2764 Ι

217 2776 264 2824 Qua
274 2775 350 2816 autem
360 2774 450 2816 funesta
459 2772 603 2832 pcrsnasionc
612 2772 671 2832 capti
680 2772 725 2815 siut
734 2775 757 2816 et
768 2773 799 2816 ab
813 2770 972 2816 emendatione
983 2771 1060 2825 alieni,

189 2844 307 2903 exponitur
319 2859 341 2888 v.
356 2848 369 2887 9
383 2852 404 2888 et
416 2859 444 2888 00
456 2843 529 2888 velitis
542 2844 613 2888 dicere
626 2844 685 2887 rutra
696 2858 745 2897 uos,
764 2843 827 2902 apud
842 2854 880 2886 vos
893 2842 992 2899 cogitare
1003 2846 1024 2886 00
1037 2858 1063 2886 00

187 2913 299 2959 sententia
308 2927 347 2958 vos
360 2917 421 2959 tutos
434 2915 560 2959 existimare
573 2918 595 2958 et
608 2913 702 2958 heredes
713 2913 780 2971 regni
790 2911 830 2969 Dei
842 2927 846 2957 :
855 2920 946 2972 putrem
956 2912 1063 2957 trademus

188 2984 316 3037 Abrabam,
333 2984 370 3028 cni
385 2986 432 3030 scil.
451 2988 473 3030 00
488 2985 552 3029 cuius
566 2985 646 3029 semini
660 2984 818 3044 promissiones
835 2984 907 3028 factae
923 2987 987 3038 sunt}
1002 2983 1062 3027 unde

186 3056 273 3113 exitiali
288 3057 433 3114 persuasione
448 3056 599 3114 opinabantur
617 3055 660 3099 sibi
674 3053 739 3113 quasi
751 3055 801 3098 iure
817 3055 918 3114 quodam
932 3054 1010 3098 deberi
1026 3069 1061 3098 re-

186 3144 260 3188 gnum
280 3127 319 3170 Dei
334 3129 355 3169 et
371 3141 394 3170 se
412 3141 458 3171 esse
475 3141 501 3169 eo
514 3127 562 3185 ipso
577 3126 636 3185 quod
646 3126 675 3169 ab
688 3125 803 3170 Abrabam
815 3125 952 3170 descendant
970 3128 1062 3182 gentem
