2211 3575
416 211 493 249 01000.
510 209 528 255 l,
545 208 611 248 13-16.
931 209 957 249 89

74 301 194 375 quentibus
216 308 276 355 nihil
300 310 425 360 memoriae
450 309 567 370 proditum
588 309 623 353 sit.
649 311 698 377 Non
724 307 821 368 quidem
844 305 957 351 oblivioni

75 384 171 430 dabatur
179 379 260 440 David'i
269 394 367 437 regnum
377 384 496 426 aeternum
506 397 552 426 esse
561 380 710 441 promissnm3
724 395 749 424 ea
761 378 823 424 enim
835 378 956 438 promissio

74 453 183 501 recolitur
197 445 265 496 110011,
283 455 362 506 21,31;
377 457 457 507 t5‚3l;
475 456 549 507 1703,
568 457 606 507 2t3
618 452 679 496 idem
693 452 808 511 professus
826 454 859 495 est
872 445 957 502 11101110-

74 525 132 571 thias
146 522 383 569 iamiam-moriturus
397 530 406 568 ‘t
424 523 495 568 David
508 524 533 567 10
548 538 588 568 sua
599 522 758 567 misericordia
775 525 910 566 consecutus
924 523 956 565 est

74 597 150 642 sedem
163 595 230 652 regni
242 594 268 638 in
280 595 371 639 saecula
385 595 406 654 (1
421 595 491 639 llach.
508 594 570 654 aar)
585 597 607 638 et
620 594 712 654 quando
722 593 877 638 necessarium
888 593 956 651 puta-

74 669 142 712 batur
150 669 253 725 tempore
262 666 451 711 llachabaeorum
461 668 597 725 potestatem
606 665 803 710 administrandae
810 663 954 723 reipublicae

54 723 55 734 ¹
75 739 142 784 etiam
159 737 331 781 transferrem
353 751 469 782 summanr
490 734 639 791 sacerdotem,
660 737 684 780 id
703 737 911 780 001000010101000
923 738 956 778 est

74 811 145 854 donec
160 811 239 866 surgat
254 808 368 868 propheta
385 808 458 852 fidelis
474 808 495 868 (l
510 809 579 853 tlach.
596 808 682 867 rati),
696 809 736 866 qni
752 807 801 852 scil.
814 806 906 851 nomine
916 805 956 848 Dei

73 880 96 925 id
109 879 143 924 001
154 879 252 924 sanciret
266 880 302 923 001
314 879 428 934 aboleret,
441 879 580 924 dubitabant
590 879 652 924 enim
663 882 751 924 essetne
771 878 824 923 talis
834 877 954 922 translatio

74 951 190 1012 potestatis
198 950 312 1009 legitima.
324 954 368 997 Cur
378 954 454 996 antem
466 951 617 996 dubitabant?
628 951 682 1011 quia
693 950 812 1011 promissio
821 949 861 994 illa
874 948 954 992 domni

75 1022 161 1067 Doridis
178 1021 231 1066 data
248 1025 305 1087 nota
324 1027 380 1067 erat.
400 1026 481 1067 Verum
500 1038 526 1067 00
547 1025 590 1067 hae
607 1023 656 1082 ipsa
677 1021 828 1067 translatione
846 1020 955 1064 discimus
977 1024 979 1027 '

72 1095 164 1153 stirpem
184 1093 315 1138 davidicam
337 1093 411 1151 magis
429 1094 548 1153 magisque
564 1093 589 1138 in
607 1093 760 1137 conditionem
778 1091 892 1136 humilem
907 1104 954 1135 esse

73 1165 197 1224 delapsam.
209 1164 279 1226 *Istud
297 1165 360 1209 enim
377 1170 468 1225 tempus
484 1180 553 1224 quam
571 1164 668 1209 niaxime
682 1179 737 1224 prae
754 1177 777 1208 se
794 1164 838 1207 sert
852 1160 953 1207 indolem

73 1236 135 1280 illam
150 1250 220 1295 quam
235 1236 282 1280 iam
301 1236 375 1281 isaias.
385 1237 522 1281 vaticinatus
538 1240 586 1281 erat
605 1250 609 1280 τ
628 1240 650 1280 01
663 1235 795 1293 egredietur
808 1228 912 1279 surculus
925 1233 953 1277 do

70 1311 150 1351 trunco
167 1311 224 1352 Iesse
242 1296 316 1368 (lid)
331 1307 347 1351 i.
365 1322 384 1352 e.
404 1307 432 1352 de
449 1307 517 1352 cedro
533 1308 625 1352 sublimi
642 1307 713 1352 David
730 1322 777 1350 000
792 1308 896 1350 remanet
910 1304 954 1348 nisi

70 1382 162 1441 tranans
171 1379 241 1423 humo
254 1378 402 1437 absconditus
415 1382 474 1424 etex
485 1380 529 1423 hac
539 1369 669 1423 conditione
681 1378 766 1422 humili
778 1380 857 1435 surget
866 1376 953 1421 Messias

69 1453 186 1510 tamquam
196 1450 270 1504 radix,
281 1450 386 1495 surculus
400 1450 428 1494 de
441 1453 503 1495 terra
516 1450 580 1495 arida
591 1451 627 1510 (Is.
641 1449 712 1509 532).
725 1452 799 1509 Atque
809 1450 853 1492 hoc
862 1452 953 1507 tempus
998 1454 1002 1461 ¹

70 1516 163 1580 collapsi
181 1521 327 1566 tabernaculi
346 1521 418 1566 David
435 1521 661 1567 nobisdescribitur
679 1523 704 1566 in
722 1520 874 1580 genealogiae
894 1520 952 1564 serie
985 1522 986 1525 ’
1008 1540 1010 1545 ⁴

70 1593 136 1635 tertia
149 1607 220 1651 usque
231 1593 265 1652 adv
274 1593 355 1651 Ioseph
369 1593 443 1636 virum
457 1593 545 1647 itariae,
559 1594 600 1653 qui
614 1608 662 1638 cum
678 1596 735 1637 esset
747 1593 818 1636 faber
826 1607 869 1636 000
881 1606 894 1635 a
907 1591 958 1641 suis,

72 1663 172 1719 cognatis
185 1663 208 1707 in
222 1664 357 1707 Bethlehem
370 1664 469 1723 bospitio
480 1665 628 1723 exciperetur,
645 1665 669 1708 in
679 1679 702 1708 so
716 1664 842 1721 clarissime
852 1662 951 1707 ostendit

70 1736 210 1793 quantopere
227 1738 324 1793 propter
341 1739 436 1794 peecata
455 1749 537 1791 regum
557 1735 664 1794 splendor
682 1738 789 1779 externus
805 1735 951 1778 recesserita

68 1804 134 1848 domo
147 1805 225 1849 David.
239 1805 341 1850 Christus
355 1801 428 1863 igitur
437 1806 461 1849 in
475 1809 539 1857 tanta
549 1808 685 1866 paupertate
699 1809 722 1849 et
734 1804 866 1849 humilitate
879 1819 955 1864 appa--

68 1875 113 1919 ruit
122 1876 238 1920 verissime
248 1878 345 1936 propter
355 1880 448 1936 peccata
458 1878 640 1937 progenitorum.
699 1918 700 1921 ,
817 1870 823 1888 ²

96 1948 160 2003 [acob
176 1956 253 1992 001010
267 1943 532 2008 000011100001001000
546 1949 642 2006 illectae,
657 1949 684 1993 de
700 1956 874 2008 perscrutatori
888 1950 949 1993 10000

68 2018 480 2076 00100001000100’0100,·00100100110
491 2020 577 2082 10316,
590 2041 604 2065 o
617 2018 753 2078 0000001000
763 2027 862 2080 captator
874 2040 950 2079 ,000000

69 2108 168 2147 spatiarer
179 2096 272 2150 partum
282 2091 391 2149 exprimit
401 2091 531 2149 virgineum
544 2092 605 2151 (vide
615 2092 744 2152 1001.000.);
757 2093 844 2149 legitur
854 2092 950 2154 quidem

67 2160 233 2222 1001οι1000οΙ
280 2162 362 2219 genuit
372 2165 458 2218 lesum;
470 2163 509 2207 sed
521 2178 572 2207 eum
583 2163 697 2209 addatur:
710 2152 747 2208 001
757 2164 894 2223 desponsata
902 2167 950 2208 erat

68 2232 134 2276 llaria
144 2233 209 2290 virgo
221 2237 242 2276 01
257 2238 309 2287 1‚18
320 2247 368 2292 seq.
384 2234 508 2278 clarissime
519 2234 639 2292 virginitas
648 2238 775 2288 asseratur,
791 2238 854 2293 patet
867 2235 950 2294 perierit

67 2301 197 2363 improprie,
204 2319 272 2349 sensu
283 2304 355 2360 legali
363 2305 443 2364 accipi,
453 2305 487 2349 011
495 2306 550 2354 alias
558 2305 637 2365 loseph
646 2305 714 2349 etiam
723 2309 788 2364 pater
795 2308 845 2350 lesu
853 2304 955 2350 vocatur

67 2386 131 2419 sensu
140 2375 210 2432 legali
218 2376 280 2433 (Luc.
289 2376 361 2437 208),
373 2377 454 2435 loseph
461 2376 497 2420 vir
506 2376 586 2422 llariae
595 2379 687 2421 vocatur
700 2375 729 2420 ob
737 2392 765 2421 ea
775 2392 835 2437 quae
846 2394 867 2422 v.
880 2381 947 2425 anal

66 2450 194 2490 narrantur.
206 2449 291 2491 Verum
307 2462 348 2491 cur
363 2448 457 2507 ponitur
473 2448 610 2506 genealogia
625 2450 707 2508 loseph
724 2448 765 2508 qni
780 2449 876 2508 physice
890 2449 949 2493 nihil
966 2460 970 2464 ·

68 2513 194 2579 (moraliter
203 2517 312 2572 multum,
324 2519 465 2563 continentia
475 2519 534 2579 scil.)
546 2519 575 2564 ad
587 2511 668 2564 Christi
678 2520 823 2564 nativitatem
837 2521 949 2565 contulit?

66 2585 210 2645 Respondent
224 2593 258 2634 sat
275 2589 343 2634 multi
357 2605 404 2634 000
420 2581 467 2635 esse
484 2591 673 2636 consuetudinem
686 2607 704 2636 s.
720 2592 851 2651 Scripturae
863 2608 949 2651 genea-

69 2655 137 2713 logias
153 2664 227 2705 texere
245 2661 372 2705 mulierum
387 2662 423 2705 001
437 2677 508 2720 genus
524 2663 618 2707 alicuius
636 2679 663 2707 00
679 2678 763 2720 genero
778 2664 858 2706 matris
873 2664 948 2708 deter-

67 2727 204 2791 1010000101.
222 2726 246 2777 S.
263 2732 439 2778 1001010100.
456 2730 498 2778 lib.
515 2739 560 2786 3,3.
573 2738 593 2778 t.
609 2735 672 2779 Hirr.
686 2734 766 2781 Pescla
784 2734 861 2779 Tlrom.
874 2735 946 2780 Salui.
964 2783 966 2787 ,

67 2797 197 2860 10008010.
215 2803 282 2864 010.);
296 2805 444 2849 verumbene
458 2805 606 2850 0010111010,
625 2806 667 2850 hoc
677 2821 811 2866 responsum
823 2822 870 2852 non
884 2808 947 2852 suffi-

67 2882 123 2925 oere,
137 2874 175 2917 sed
186 2874 270 2920 deloere
278 2875 334 2920 addi
345 2875 370 2920 id
381 2872 443 2936 quod
454 2879 542 2921 veteres
551 2892 630 2922 omnes
640 2893 686 2923 000
696 2880 761 2938 qumi
772 2895 811 2923 ore
822 2880 946 2936 affirment,
958 2872 960 2899 ³

67 2940 156 2987 llariam
176 2960 268 3005 quoque
290 2962 317 2991 00
335 2947 424 2992 familia
444 2948 513 2992 David
538 2950 651 3007 originem
671 2951 763 3008 ducere.
784 2952 852 3008 Origo
871 2955 948 2996 autem

65 3007 169 3086 davidica
182 3016 264 3072 Mariae
279 3034 326 3062 000
343 3034 370 3063 00
383 3035 408 3064 00
423 3023 484 3080 patet
499 3020 553 3081 qnia
568 3021 705 3082 desponsata
719 3027 768 3067 erat
780 3023 829 3067 viro
842 3038 868 3067 00
881 3024 948 3068 iami-

65 3077 95 3123 ha
114 3086 192 3140 osirim
214 3102 269 3131 nam
291 3090 358 3135 nulla
377 3093 428 3150 lege
448 3093 585 3137 tenebantur
603 3094 704 3153 virgines
721 3094 777 3139 viris
799 3095 873 3140 tribus
894 3111 948 3140 suae

66 3151 100 3193 001
116 3154 191 3214 stirpis
206 3159 305 3211 nubere,
321 3162 365 3205 nisi
380 3166 453 3207 essent
466 3164 527 3208 filiae
545 3166 647 3222 heredes,
663 3167 696 3210 011
713 3166 761 3210 iam
777 3167 836 3210 hene
852 3170 947 3211 monent
