2211 3575
440 254 443 258 ἱ
467 212 546 241 namn.¹
562 202 581 248 5,
597 203 626 243 2.,
682 250 683 253 ¹
828 215 831 218 ’
937 206 975 247 232

73 346 79 350 ,
96 290 181 360 legitur
194 305 270 347 autem
284 319 305 348 v.
323 308 335 348 9
352 318 356 350 :
374 305 413 363 qui
430 304 588 362 malignantur
604 300 825 352 exterminabuntur,
843 299 976 344 sustinentes

95 377 171 418 autem
183 375 304 419 Dominum
322 374 446 436 (sperantes
462 376 487 420 in
503 375 540 435 D.)
557 374 720 419 hereditabunt
734 375 831 425 terram3
848 370 933 415 iterum
951 370 975 413 in
1006 367 1019 416 J

95 460 116 489 V.
135 449 161 490 10
181 445 265 490 mentio
282 446 402 492 fit'ruinae
418 451 440 491 et
454 447 560 492 interitus
575 448 731 505 peecatorum,
748 462 758 485 22
774 443 888 488 mansueti·
898 443 973 487 autern

94 515 255 561 hereditabunt
266 520 350 563 terram
362 521 384 563 22
396 518 574 563 delectabuntur
584 517 606 560 in
618 515 766 560 multitudine
775 516 837 574 pacis
851 527 873 567 »;
885 515 939 558 2222
948 514 972 556 22

95 602 115 631 v
127 592 155 640 22
169 578 190 632 22
200 592 235 633 28.
255 593 290 634 29
306 591 349 635 32
344 592 377 634 int
380 605 404 634 er
412 604 435 633 se
445 590 566 649 opponunt
567 602 595 632 ur
606 587 675 631 iniust
676 587 684 630 i
697 586 808 645 impiique
824 585 863 644 qui
875 583 972 645 punien-

93 661 151 702 ture
153 661 318 719 tperilaunte
319 661 393 705 tiusti
410 661 450 720 qui
463 663 548 704 terram
562 658 730 703 heredittahun
714 659 818 708 tQuare
835 671 862 701 22
875 655 972 700 dictione

92 730 206 788 signifieat
198 734 234 776 tur
251 732 339 776 22222
314 735 339 776 22
352 732 417 776 mites
431 747 462 792 po
463 731 522 776 tiant
524 746 550 775 ur
513 730 648 775 tdivinis
663 742 777 789 promissis
790 730 811 773 e
824 743 850 773 ea
866 727 972 771 felicitate

92 816 160 860 quam
172 806 229 863 Deus
244 804 289 851 suis
301 804 481 883 praeparaverit.
494 806 563 847 Porro
574 802 608 845 uti
623 803 647 846 in
664 804 739 846 vetere
750 802 882 845 testamento
895 788 972 858 quieta
1036 855 1038 860 y

39 920 41 923 ,
91 875 165 917 terrae
182 875 290 933 possessio
305 875 388 955 pignus
404 875 625 919 eratedooumen
626 887 664 918 um
680 872 763 917 favoris
776 871 815 916 Der
831 886 876 932 quo
890 870 971 915 s1b11n
1022 933 1024 938 Ι
1085 899 1087 901 -

91 945 178 1004 222222
188 945 354 1005 2222222222,2
347 947 471 991 22222221
466 962 490 990 22
501 946 557 990 22222
549 950 610 990 22222
621 948 673 990 oont
664 944 752 989 tinebat
752 958 780 987 ur
788 958 815 988 22
824 943 894 987 oonst
895 945 919 986 t
920 945 969 986 tum

91 1020 139 1060 2222
153 1032 250 1075 regnum
266 1018 314 1073 Dei,
331 1019 460 1070 theooratia
477 1034 504 1062 ve
505 1021 552 1062 ns
547 1017 667 1077 ,proinde
685 1016 773 1061 heredi
775 1030 812 1060 are
831 1018 915 1059 terram
934 1014 968 1057 di-

90 1088 121 1130 222
138 1087 263 1132 herediare
280 1103 376 1146 rognum
394 1089 446 1144 Dei,
464 1088 600 1149 participem
618 1103 665 1132 esse
679 1088 746 1145 regni
762 1086 859 1131 Deiett
861 1100 968 1145 amquam

88 1158 136 1202 eius
151 1159 301 1216 regni'oivem
313 1160 379 1206 honis
396 1160 445 1204 eius
460 1158 528 1216 regni
540 1158 594 1203 2222.
610 1150 680 1202 Porro
699 1158 888 1217 quemadmodum
904 1160 968 1201 vetus

88 1224 218 1288 theoeratia
234 1233 282 1274 2222
304 1230 452 1290 praeparatio
473 1234 495 1274 et
517 1230 592 1287 figura
615 1244 689 1274 novae
714 1230 807 1288 eiusque
830 1229 964 1283 messianae‚

87 1299 118 1343 ita
136 1302 197 1345 terra
217 1301 320 1346 Israelitis
335 1305 405 1346 alteo
419 1301 532 1361 promissa
549 1304 572 1345 et
585 1315 690 1345 concessa
705 1301 779 1358 figura
793 1302 845 1343 erat
861 1301 883 1342 22
900 1302 967 1358 typus

86 1368 153 1426 regni
167 1368 284 1424 messiani3
303 1371 363 1415 unde
377 1371 509 1416 hereditare
522 1374 608 1416 terram
618 1368 674 1415 dieit
689 1385 737 1415 esse
753 1370 889 1429 participem
900 1368 966 1427 regni

86 1439 199 1494 messiani,
211 1440 256 1484 trui
266 1440 423 1486 dominatione
433 1443 473 1487 Dei
485 1443 579 1501 eiusque
589 1442 664 1486 honis.

115 1513 247 1557 Deolaratit
230 1517 306 1574 rtaque
318 1514 391 1558 christ
393 1528 419 1558 us
434 1515 479 1559 hae
496 1514 557 1558 beati
540 1513 638 1558 ttudine
653 1512 748 1572 quinam
762 1526 841 1556 revera
851 1510 910 1555 cives
921 1511 965 1571 sint

85 1583 150 1640 regni
164 1584 230 1628 suiet
244 1600 299 1643 quos
312 1585 385 1629 adsui
396 1585 689 1642 reomhonaetgloriam
704 1586 794 1628 voeete
782 1582 896 1627 etinvitet
898 1568 963 1633 Qui

85 1653 129 1711 igit
130 1669 157 1698 222
170 1655 245 1699 2222222
231 1660 302 1709 tiones
313 1659 335 1700 et
345 1656 448 1700 miserias
458 1657 536 1701 animo
546 1657 585 1715 pio
596 1670 621 1699 ae
632 1658 751 1699 mansueto
763 1658 809 1698 sust
810 1654 872 1698 inent
863 1652 962 1709 22222222
1017 1671 1018 1675 ’

85 1724 163 1781 212222,
174 1726 282 1782 2222222222,
297 1726 491 1781 murmuratione,
503 1728 524 1770 ii
531 1726 680 1785 possidebunt
688 1724 838 1774 hereditatem
848 1724 911 1769 illam
921 1740 962 1784 pa-

60 1847 61 1850 ,
83 1796 155 1840 tribus
164 1797 220 1841 olim
229 1799 361 1857 promissam
374 1801 396 1841 et
409 1813 450 1857 per
459 1797 583 1857 prophetas
594 1797 730 1856 descriptam
744 1811 748 1841 ε
761 1810 858 1854 regnum
870 1796 961 1840 messia-

84 1882 146 1910 num.
159 1867 221 1912 Hisoe
230 1869 314 1912 iterum
324 1858 402 1913 monet
411 1869 514 1913 Christus
523 1868 624 1912 indolem
631 1868 697 1926 regni
708 1868 743 1911 sui
754 1881 799 1912 esse
809 1867 960 1927 spiritualem;

83 1937 143 1981 hisee
157 1938 250 1983 damnat
269 1939 349 1984 falsam
366 1939 504 1984 Iudaeorum
519 1940 636 1983 notionem
649 1954 746 1997 regnum
759 1939 847 1984 llessiae
865 1937 897 1983 ita
916 1952 962 1983 esse
981 1965 983 1967 ·
1009 1971 1011 1974 ι

82 2009 274 2064 constituendum,
290 2014 314 2054 ut
325 2010 427 2055 vindicta
439 2014 506 2071 eapte
521 2010 549 2054 de
562 2011 668 2068 gentibus
685 2025 743 2068 quae
753 2010 862 2070 populum
872 2009 910 2053 Dei
923 2025 970 2069 op·-

81 2081 203 2138 presserint
215 2084 293 2138 gentes
306 2082 441 2138 redigantur
449 2083 474 2125 in
484 2081 624 2136 servitutem,
637 2081 715 2125 Iudaei
723 2085 799 2125 autem
810 2081 961 2126 dominatores

82 2151 142 2195 orbis
154 2153 258 2197 evadant.
270 2154 334 2197 llisoe
344 2168 437 2213 quoque
448 2154 551 2198 Christus
560 2154 606 2198 suis
616 2153 728 2198 limitibus
735 2152 900 2197 eireumsoribit
911 2167 959 2196 ora-

82 2224 133 2267 2222
144 2223 183 2268 illa
196 2225 307 2268 messiane
320 2224 402 2284 quibus
418 2225 505 2269 Messias
519 2225 617 2269 bellator
626 2228 648 2268 et
656 2225 811 2283 triumphator
820 2223 847 2268 de
859 2224 959 2268 hostibus

81 2294 126 2337 suis
139 2295 277 2349 celebratum
293 2295 355 2339 hisee
369 2310 411 2339 sua
426 2296 557 2340 manifestat
570 2310 634 2339 arma
650 2295 733 2354 quibus
746 2294 769 2337 in
781 2295 857 2354 primo
867 2309 907 2339 suo
920 2294 958 2338 ad-

80 2366 179 2409 ventu‘
158 2370 204 2409 vict
205 2366 263 2409 orias
275 2365 328 2410 velit
319 2368 415 2425 2222222
417 2381 456 2412 are
466 2369 487 2409 e
499 2380 598 2423 reguum
604 2380 671 2410 suum
681 2365 811 2410 condere
789 2368 811 2410 e
820 2381 956 2426 propagare

80 2442 175 2501 Utiipse
190 2442 215 2486 in
224 2443 289 2486 terris
302 2444 410 2524 apparuit
423 2439 499 2502 πραῢς,
512 2447 552 2504 22
554 2450 635 2489 iense
649 2459 680 2488 nn
681 2446 747 2488 is
737 2443 958 2498 thumilis‚'t1taeos

80 2527 171 2572 quoque
188 2529 233 2558 esse
250 2515 320 2559 vulto
289 2519 367 2574 tquos
381 2516 405 2559 in
421 2515 497 2575 operis
511 2516 547 2560 sui
561 2515 673 2574 regnique
687 2530 768 2560 eonsoi
769 2515 825 2560 tium
841 2515 940 2560 admittit

79 2583 224 2642 inpatientia
234 2588 308 2629 vestra
318 2586 462 2644 possidebitis
473 2587 562 2631 animas
571 2590 664 2632 vestras.

107 2709 233 2761 Plerumque
247 2710 351 2762 explicant
365 2714 441 2751 terram
454 2711 555 2765 possidere
570 2712 595 2752 de
609 2713 677 2764 patria
690 2713 786 2761 eoelesti3
804 2727 814 2749 2
825 2700 968 2754 neutonam

80 2774 144 2814 Iudae
155 2787 194 2815 neo
204 2778 281 2815 terram
292 2775 353 2816 istius
362 2776 449 2825 mundi,
462 2789 505 2817 non
516 2780 595 2817 terram
605 2778 741 2817 maledictam
752 2778 823 2830 spinas
837 2780 858 2819 et
867 2780 956 2820 tribulos

80 2840 203 2880 atterentem
217 2853 283 2893 quam
296 2841 456 2882 crudelissimus
472 2843 562 2893 quisque
579 2844 599 2881 et
617 2842 706 2883 bellator
720 2833 788 2896 magis
802 2845 904 2897 possidet,
920 2847 957 2887 sed

79 2906 157 2945 terram
173 2917 236 2957 quam
252 2907 361 2958 psalmista
375 2907 483 2947 desiderat
496 2907 569 2947 dioens
581 2919 586 2946 :
599 2907 662 2948 oredo
675 2908 748 2949 videre
765 2910 820 2950 hona
835 2910 920 2951 Domini
934 2911 957 2950 in

79 2972 134 3010 terra
143 2970 261 3011 viventium
271 2988 280 3009 2)
294 2972 323 3027 (S.
335 2972 400 3027 Hier.)
414 2976 435 3013 et
444 2972 543 3013 similiter
557 2973 678 3027 intelligunt
692 2975 717 3014 de
728 2976 787 3016 coelo
797 2976 818 3016 S.
829 2977 880 3027 nup.
895 2975 954 3029 drap.

78 3046 131 3087 opus.
142 3049 173 3088 op.
184 3035 231 3087 imp.
243 3036 293 3077 aaa.
304 3040 332 3090 22.
343 3040 387 3079 ord.
401 3038 450 3080 Fut.
462 3039 517 3079 laur.
530 3040 580 3079 Bur.
591 3040 640 3093 222.
655 3041 718 3081 calon.
734 3040 787 3081 Aru.
798 3040 843 3095 [qui
856 3042 919 3082 etiam
930 3042 955 3082 de

78 3102 133 3141 terra
148 3101 275 3153 glorificata,
289 3105 348 3145 Rom.
366 3105 421 3152 822,
439 3106 520 3145 2Ρ222,
536 3105 591 3156 3,22.
606 3106 670 3158 Apoe.
687 3108 768 3156 222-5,
785 3108 849 3148 verba
862 3107 953 3161 accipit).

78 3163 159 3206 lterum
175 3168 196 3208 S.
210 3165 282 3219 utras.
298 3170 318 3207 et
336 3169 434 3220 quicum
451 3171 512 3222 sequi
526 3171 595 3210 solent
610 3170 694 3223 222222.
709 3171 775 3212 Eutlt.
792 3173 954 3225 promissionem
