2211 3575
238 272 240 274 .
320 253 346 282 nn
360 250 473 284 nrmnoan
488 248 549 280 turen
563 248 591 277 nr
606 248 632 278 ar
646 227 703 280 uri-n.
735 264 736 267 =
880 256 883 261 ·
931 239 956 279 al

75 342 137 415 qnod
147 352 211 402 idean
221 346 278 391 ordo
291 346 429 405 plerumque
442 343 471 389 ah
485 344 592 389 omnibus
605 346 703 389 tenetur.
719 345 754 389 Mt
765 344 862 389 fortasse
874 331 962 409 quater*
992 354 994 357 ·

3 417 4 420 “
63 424 98 469 ‘ia
111 419 235 478 maioribus
248 431 261 461 a
273 417 309 481 Mr
319 414 416 470 recedit,
428 415 514 474 pluries
527 415 575 459 alia
587 414 674 470 inserit,
687 414 729 460 sed
741 429 835 475 semper
848 414 878 459 ad
891 414 955 482 ordi-

75 509 127 539 nem
140 487 284 536 Mareireclit.
370 491 371 494 ’
397 539 399 543 7
665 481 666 485 ’

104 567 187 609 Forma
198 558 292 604 tandem
304 557 362 602 adeo
373 557 453 601 similis
466 552 500 601 e'st
512 559 562 600 tum
572 556 637 607 inter
648 558 682 602 Mt
695 559 718 602 ct
731 559 768 610 Mr
781 560 833 602 turn
848 558 908 611 inter
920 560 953 602 Mt

74 638 96 679 et
108 635 134 687 L,
145 634 173 676 ut
185 624 208 674 et
220 629 245 672 in
258 626 431 672 narrationibus
444 630 467 671 et
478 625 623 670 sermonibus
633 626 698 671 idem
709 626 792 680 modus
805 625 916 671 narrandi
931 630 954 671 ct
983 631 986 637 '
1014 680 1016 682 V

75 699 201 763 exponendi
216 701 328 751 teneatur,
346 695 473 751 utendam
494 695 597 740 narratio
615 696 687 741 simili
707 697 779 751 modo
798 700 912 741 exstructa
930 701 954 741 ct

74 773 184 818 adornata
203 768 244 823 sit,
254 771 279 813 et
295 766 457 812 convenientia
472 766 607 830 saepissime
626 781 652 811 se
669 772 741 827 usque
762 767 793 812 ad
811 767 862 826 ipsa
879 768 955 812 verba
1015 830 1017 834 Ι
1097 760 1099 766 ’

45 844 48 848 ’
74 840 189 887 extendat.
206 853 207 856 ’
818 872 819 875 ,

103 917 125 955 2,
138 911 179 954 Hie
192 911 270 969 autem
283 921 404 953 consensus
419 906 486 951 aliter
499 907 607 966 explicari
621 899 689 967 posse
702 922 751 952 non
763 908 863 963 videtur,
880 923 950 968 quarn

73 973 225 1041 dependentia
239 978 346 1023 literaria
361 976 557 1023 sireimmediata
571 978 620 1021 sive
634 977 745 1022 mediata.
760 978 840 1023 Iamsi
855 980 948 1038 quaeri·
970 1033 973 1037 .
1048 1042 1050 1046 7
1076 974 1078 976 ’
1101 984 1103 990 “

73 1057 117 1105 tur,
133 1049 196 1109 quod
212 1046 472 1106 ennostris-Evangeliav
485 1047 609 1106 synopticis
619 1047 695 1107 primo
707 1047 759 1091 loco
773 1048 909 1107 ponendum
921 1049 950 1093 sit

75 1147 99 1155 -
110 1121 140 1166 ab
147 1120 197 1164 aliis
205 1118 377 1179 hypothesibus,
387 1132 448 1177 qnae
455 1116 505 1161 alia
511 1119 533 1160 et
543 1117 644 1179 aliano
653 1117 782 1179 primitiva,
792 1118 880 1164 nostris
889 1121 948 1163 anti·
958 1136 969 1158 ν

72 1191 160 1250 quiora,
172 1191 299 1243 assumunt,
313 1189 351 1232 hic
366 1187 525 1241 abstrahimus,
539 1201 592 1230 cum
607 1202 655 1231 non
670 1201 698 1231 er
711 1189 814 1246 professo
831 1189 860 1233 ele
878 1204 948 1248 quae-

71 1260 143 1317 stione
153 1260 272 1318 synoptico
280 1257 398 1315 agendam
406 1256 436 1301 sit
445 1281 473 1290 -
482 1256 543 1300 inter
552 1255 642 1301 criticos
654 1257 797 1323 recentiores
801 1259 851 1311 tere
865 1274 947 1303 conve·
964 1269 965 1275 ¹

71 1332 112 1386 nit,
123 1334 222 1375 Marcum
232 1343 286 1374 eum
296 1343 372 1385 essee
386 1342 432 1387 qno
439 1328 509 1371 ceteri
517 1321 672 1387 dependeant,
683 1328 822 1374 Matthaeunr
832 1332 856 1373 et
865 1333 948 1386 Lucam

7 1393 8 1403 ¹
72 1405 147 1446 autem
160 1403 283 1461 praeterea
292 1398 370 1458 quoad
382 1412 501 1452 sermones
511 1400 533 1441 et
546 1397 592 1442 alia
602 1391 873 1457 quaedamacommnni
884 1392 947 1445 fonte
1007 1417 1010 1428 ··

69 1468 303 1530 graeco-dependere,
316 1470 356 1530 qui
368 1468 513 1532 potissimum
524 1483 641 1514 sermones
652 1469 737 1514 Christi
746 1471 874 1528 collegerit.
886 1475 955 1529 Inter,
1033 1535 1035 1538 y

70 1545 103 1587 Mt
115 1546 138 1586 et
152 1544 170 1586 L
182 1539 289 1586 nons‘esse
302 1540 459 1585 immediatam
472 1540 610 1584 relationem
620 1540 758 1586 literariam.
772 1545 867 1589 Fontem
880 1543 946 1587 illum

68 1614 142 1657 solent
151 1612 273 1670 designare
283 1611 349 1670 signo
359 1612 385 1665 Q,
391 1615 494 1669 'eumque
503 1610 546 1655 alii
555 1610 621 1655 aliter
628 1612 705 1656 conati
714 1616 767 1657 sunt
776 1617 943 1670 reconstruere,
1018 1620 1023 1625 ”

69 1683 177 1728 Harnaele
197 1685 234 1738 Ax,
254 1681 325 1729 Weiss
347 1683 383 1737 B,
401 1680 545 1728 Wellliaosen
564 1683 586 1725 J.
609 1678 657 1726 alii.
676 1685 750 1734 Quare
769 1683 860 1741 agimus
875 1684 897 1743 a)
916 1685 945 1729 de

67 1752 223 1813 dependentia
230 1741 336 1796 Matthaei
345 1766 358 1795 a
367 1752 411 1795 Me.
422 1750 447 1809 h)
458 1751 487 1794 de
500 1743 611 1795 relatione
618 1751 679 1795 inter
689 1754 723 1796 Mt
733 1755 755 1796 et
767 1753 792 1797 Ii.

127 1824 148 1881 a)
161 1822 318 1883 Dependentia
330 1820 445 1883 >Matthaei
458 1837 474 1865 a
488 1823 574 1881 Merca
712 1869 713 1872 Ἰ

97 1894 118 1954 α)
136 1895 278 1954 Arpetonertta
302 1895 386 1946 autem,
403 1891 490 1959 quihus¹
509 1891 689 1951 dependentiam
710 1894 817 1939 Matthaei
840 1910 855 1939 a
869 1898 943 1940 Marco

67 1965 165 2010 stabiliri
184 1967 274 2024 putant,
290 1964 349 2008 haec
364 1963 412 2006 tere
434 1965 494 2006 sunt.
507 1961 574 2006 Ordo
597 1965 670 2008 Marci
686 1965 779 2010 videtur
804 1966 875 2024 magis
897 1981 944 2012 esse

68 2035 196 2094 primitivus
217 2049 288 2094 quam
310 2034 367 2079 ordo
387 2032 499 2079 Matthaei.
515 2034 549 2077 Mt
568 2033 638 2079 siah
663 2035 744 2080 ordine
764 2036 830 2081 Marci
847 2037 941 2093 recedit,

67 2119 158 2164 scalper
166 2106 195 2150 ad
206 2119 259 2149 eum
268 2104 334 2148 redit.
346 2105 465 2167 Semnones
479 2117 531 2172 suos
540 2103 568 2147 iis
578 2103 633 2148 locis
646 2104 737 2160 inserit,
747 2106 835 2151 ubi'Mr
852 2107 944 2152 videtur

68 2175 209 2220 occasionem
228 2175 347 2234 praehere,
366 2189 386 2218 e.
406 2189 430 2231 g.
445 2175 481 2218 Mr
501 2178 562 2228 Mt,
584 2175 619 2218 Mt
634 2178 684 2220 5-7.
701 2176 853 2221 Narrationes
872 2177 943 2237 primi

67 2245 187 2303 Evangelii
202 2244 221 2289 si
233 2247 396 2301 comparantur
409 2259 463 2288 cum
472 2242 574 2288 seeundo
588 2245 659 2289 multo
676 2245 802 2302 breviores,
818 2249 943 2293 concinnae

67 2320 127 2371 sunt,
139 2316 246 2360 adiuncta
256 2314 414 2374 particularia,
426 2314 510 2373 quibus
520 2313 665 2359 narrationes
677 2317 744 2361 Marci
756 2320 878 2376 tantopere
888 2320 943 2363 emi-

68 2388 133 2440 nent,
143 2385 374 2445 plernmqueomissa
382 2387 443 2430 sunt.
451 2387 537 2429 Tainen
546 2388 595 2429 tota
604 2389 722 2431 structura
732 2388 812 2432 eadem
823 2392 863 2443 est,
875 2389 908 2433 ita
919 2394 944 2434 ut
958 2395 959 2398 ’

66 2471 93 2500 er
104 2457 255 2501 eodemtonte
268 2456 409 2501 deriventur.
423 2453 636 2515 Lireqtta'Matthaei
650 2457 731 2516 purior
745 2463 786 2513 est,
802 2458 941 2517 elegantior,
965 2513 967 2516 Ι

67 2541 122 2585 ergo
131 2528 250 2587 posterior.
263 2527 378 2572 Accedunt
392 2526 581 2570 considerationes
595 2526 736 2587 tlzeotopa'aae
745 2544 805 2588 quae
819 2546 944 2588 argumen-

67 2601 116 2642 tum
124 2598 256 2657 posterioris
273 2599 355 2642 aetatis
370 2612 418 2642 esse
433 2597 549 2642 dicuntur.
560 2598 656 2643 ⁴Videtur
672 2600 735 2644 enim
749 2602 784 2645 Mt
803 2602 942 2661 quibusdam

67 2667 122 2712 locis
131 2670 163 2713 ita
170 2669 269 2713 mutasse
280 2668 343 2712 diota
351 2667 435 2712 Christi
443 2671 483 2712 aut
493 2666 601 2724 aliorum,
613 2673 638 2714 ut
648 2685 743 2730 eaquae
757 2686 810 2715 cum
818 2674 943 2729 posteriora

32 2780 34 2782 ,
68 2740 215 2798 conceptione
225 2740 257 2784 'de
273 2739 361 2784 Christo
375 2739 452 2783 minus
466 2740 589 2784 convenire
607 2740 751 2795 viderentur,
766 2741 906 2798 eliminaret,
921 2760 942 2789 e.
1001 2754 1003 2756 ’

68 2823 90 2865 g.
100 2812 141 2854 'Mt
152 2814 253 2867 rasa-et
265 2813 301 2856 Mr
312 2812 360 2866 6,3’;
374 2812 409 2855 Mt
424 2815 491 2864 19,st
503 2815 527 2855 et
542 2812 578 2856 Mr
591 2813 715 2866 10,18;=Mt
724 2814 944 2872 Mtsstttsecundunr

68 2882 181 2937 [parandam
194 2881 291 2941 codices)
301 2885 323 2926 et
333 2883 369 2927 Mr
380 2885 447 2936 13,32
463 2884 486 2926 et
497 2881 551 2927 alia.
562 2884 665 2943 Denique
675 2884 789 2943 posterior
798 2939 799 2942 Ἰ
808 2886 944 2946 contpositio

66 2949 91 2994 in
104 2967 131 2995 eo
142 2952 308 3008 manifestatur,
320 2952 382 3013 quod
393 2954 426 2998 Mt
440 2953 518 3013 aliqua
534 2953 598 2999 dicta
610 2954 694 3000 Christi
707 2958 748 3000 aut
756 2955 850 3000 loannis
867 2959 945 3016 Bapti-
1024 3009 1025 3012 Ἰ

67 3024 113 3065 stae
132 3021 166 3066 bis
178 3026 266 3077 narrat,
283 3038 330 3082 quo
344 3023 499 3082 dependentia
517 3039 531 3069 a
549 3025 654 3084 pluribus
669 3025 774 3071 fontibus
792 3027 945 3072 demonstrari

66 3090 156 3137 dieitur.
170 3097 200 3137 De
217 3093 395 3152 attepaaoataas
406 3098 461 3140 ext
477 3099 631 3153 Testamento,
644 3111 704 3156 quae
719 3097 789 3142 etiam
805 3099 830 3143 in
844 3099 945 3144 eundem

66 3164 244 3216 sensumafferri
255 3164 337 3221 solent,
347 3165 394 3211 iarn
407 3170 481 3212 actum
496 3171 529 3213 est
538 3184 558 3214 c.
570 3171 596 3222 ll,
611 3172 627 3213 B
641 3172 654 3212 Ξ
669 3174 682 3223 β
695 3169 729 3228 (ρ.
745 3170 790 3229 13).
