2239 3511
133 147 174 187 416
340 146 342 149 ’
499 157 574 187 uarrn.
591 149 610 195 9,
625 148 657 187 al.

134 247 204 299 magis
214 249 324 300 magisque
334 247 467 293 idololatriac
479 248 500 286 et
512 245 569 284 vitiis
584 246 716 294 serviebant3
728 247 862 297 «etquidem
872 248 1017 300 gentiumpo-

134 313 198 365 pules
206 325 217 352 a
225 313 298 352 multis
305 311 395 351 medicis
404 310 484 351 frustra
490 310 558 350 curari
565 310 679 362 quaesivit,
691 310 868 353 dummultorum
877 313 1018 366 philosopho-

135 389 184 417 rum
200 377 335 428 dogmatibus
349 388 376 417 ac
389 376 491 417 falsorum
504 376 594 416 deorum
608 376 682 417 ritibus
698 376 781 417 deditus
792 379 814 417 et
827 379 914 418 naturae
925 378 1016 429 ingenii·
1051 413 1052 416 ,

135 453 176 492 que
188 442 247 482 dotes
257 442 280 481 in
290 442 320 482 eis
331 453 461 483 consumens
472 442 572 482 morbum
586 442 650 482 etiam
660 453 726 482 suum
736 442 796 482 aurit
806 455 818 483 a
829 443 885 483 nullo
897 443 1015 483 curabilem

135 518 199 557 quam
210 508 234 547 ab
246 507 293 559 ipso
304 508 386 548 Christo
397 523 406 544 e
417 506 500 561 (1666).
510 508 560 548 Cum
572 510 645 547 autern
654 507 750 548 Christus
758 509 842 563 veniret
849 508 873 548 ad
884 510 1017 561 desponsan-

135 572 185 612 dam
199 572 240 612 sibi
258 573 381 625 Ecclesiam,
396 584 523 625 synagogam
538 584 592 624 quae
610 573 653 613 eius
671 584 718 613 csse
733 573 826 614 debebat
841 585 919 626 sponsa
934 573 1016 614 invenlt

96 680 98 683 ,
134 640 247 687 mortuam,
265 639 295 679 uti
309 639 382 691 puella
396 639 418 678 in
431 639 494 679 annis
508 638 627 691 pubertatis
640 638 732 679 existens
745 639 846 688 moritur3
863 643 911 679 ante
928 632 1015 680 ludaeos

135 703 224 754 credunt
236 704 338 756 gentiles;
353 704 392 744 sed
404 704 455 745 fides
466 704 578 757 gentilium
590 704 652 745 etiam
662 704 688 745 ad
698 702 719 744 id
731 703 785 746 vaiet
796 707 821 745 ut
831 704 904 745 ludaei
915 705 941 745 ad
951 705 1015 744 fidem

134 768 221 809 tandem
232 770 377 818 adducantur;
391 770 446 811 unde
459 773 510 822 post
519 771 633 811 mulierem
646 770 758 811 suscitatur
770 765 849 823 puella,
860 771 910 821 qnia
924 782 973 810 curn
981 769 1014 809 in-

134 835 221 875 traverit
230 834 341 887 plenitudo
351 837 455 888 gentium,
469 836 534 875 etiam
544 836 611 876 lsrael
623 837 693 876 salvus
703 836 740 876 fiet
751 835 819 889 (Rom.
832 836 898 884 llus.
911 835 955 888 1116
968 851 977 872 «
988 836 1014 876 ad

119 911 120 915 ¹
134 899 192 939 hanc
202 912 250 951 ergo
262 901 364 952 principis
375 901 439 939 tiliam
453 900 506 940 dum
519 901 618 953 properat
628 900 664 940 Dei
677 902 776 950 Verbum,
787 903 812 940 ut
822 902 887 940 salvos
900 901 978 941 laceret
989 901 1014 939 fi-

134 964 176 1004 lios
187 965 257 1014 lsrael,
271 968 340 1006 sancta
354 966 448 1006 Ecclesia
462 965 600 1017 degentibus
613 968 740 1017 congregata
750 977 805 1017 quae
816 965 941 1006 interiorum
954 966 1014 1018 lapsu

134 1029 247 1070 criminum
259 1020 379 1082 deperibat,
392 1033 487 1083 paratam
498 1031 544 1070 aliis
555 1031 596 1070 tide
608 1031 726 1083 praeripuit
737 1031 849 1071 sanitatem
860 1046 869 1068 e
881 1029 913 1085 (S.
925 1030 1011 1084 5156151.

163 1096 233 1135 Refert
239 1095 343 1136 Eusebiae
352 1096 409 1149 (hist
420 1097 469 1148 6661.
483 1095 665 1146 7161166666)
677 1096 790 1136 mulierem
803 1095 898 1137 eamdici
910 1096 1014 1148 originem

134 1161 222 1201 traxisse
233 1174 261 1202 ex
275 1151 372 1203 Paneade
384 1161 417 1214 (ex
428 1162 530 1202 Caesarea
542 1160 652 1215 Philippi),
664 1155 796 1214 domumque
812 1162 856 1202 eius
869 1162 951 1215 ibidem
963 1174 1013 1202 con-

134 1225 188 1278 spici
198 1229 219 1267 et
228 1227 300 1268 collati
310 1228 391 1268 ineam
403 1227 531 1267 aServatcre
541 1226 640 1268 beneficii
651 1231 733 1267 exstare
747 1223 925 1276 monumentum3
938 1242 947 1263 a
957 1228 1014 1267 iuxta

120 1291 220 1349 ianuam
233 1294 311 1333 domus
327 1287 385 1333 illius
402 1304 466 1333 aenea
481 1292 578 1332 mulieris
594 1292 672 1344 effigies
686 1294 742 1332 stare
755 1292 834 1332 dicitur
850 1293 940 1345 genibus
955 1293 1013 1332 lienis

133 1358 285 1409 protensisque
293 1358 393 1398 manibus
402 1358 468 1398 instar
479 1358 626 1410 supplicantis.
634 1359 663 1397 Ex
673 1356 762 1397 adverso
770 1360 843 1397 autem
853 1357 933 1410 effigies
942 1357 980 1397 viri
988 1369 1013 1397 ex

134 1421 211 1462 eodem
221 1423 308 1462 metallo
319 1423 409 1462 conflata
418 1422 494 1462 stantis
505 1433 527 1462 ac
538 1421 631 1474 diploide
643 1422 738 1462 decenter
748 1422 817 1462 induti
826 1434 955 1474 manumque
966 1435 1011 1462 mu-

133 1487 182 1527 lieri
190 1489 343 1540 porrigentis..
351 1488 407 1527 hanc
416 1490 508 1527 statuam
515 1488 564 1540 lesu
573 1486 650 1527 Christi
660 1487 755 1538 speciem
766 1487 844 1527 referre
854 1488 945 1528 aiebant.
957 1489 1012 1527 blan·
1031 1481 1034 1484 ”

82 1592 85 1598 ,
134 1553 164 1592 sit
174 1564 234 1604 porro
246 1565 315 1605 usque
326 1552 689 1603 661556515616566656556566665166
700 1552 775 1592 urbem
786 1552 876 1604 ingressi
887 1553 956 1604 ipsam
967 1565 1013 1602 con-

37 1625 38 1629 ’
133 1619 242 1670 sperimus
255 1634 274 1657 ».
285 1618 389 1659 Eusebius
402 1620 422 1658 61
435 1617 540 1669 originem
550 1616 647 1672 mulieris
657 1628 682 1656 eu
693 1617 789 1657 Panearle
801 1619 823 1657 et
836 1617 1012 1669 significationem

133 1686 215 1725 statuae
226 1684 297 1724 solum
305 1684 370 1724 refert
378 1677 490 1735 tamquam
501 1684 526 1722 ab
536 1682 581 1722 aliis
593 1682 700 1731 traditam,
712 1682 770 1734 aaa
781 1682 834 1722 dicit
844 1683 869 1722 de
879 1684 970 1735 utraque
981 1695 1009 1723 re.

133 1751 158 1789 ln
170 1749 279 1802 evangelio
293 1749 414 1802 apocrypho
428 1749 459 1789 cni
474 1751 506 1788 651
516 1748 589 1788 titulus
602 1760 606 1787 :
617 1747 750 1799 evangelium
764 1747 874 1788 Nicoclemi
886 1760 936 1800 pars
947 1751 957 1789 l
968 1747 1011 1789 sive

134 1815 186 1855 dcta
195 1814 256 1857 Pilati
268 1826 313 1866 cap.
325 1816 342 1861 7,
354 1815 408 1854 haec
419 1814 499 1854 mulier
512 1814 634 1853 nominatur
644 1812 737 1865 Βερονίκη,
749 1813 852 1854 Veronica
863 1816 883 1852 et
895 1825 967 1854 coram
979 1815 1012 1853 Pi-

133 1881 179 1920 lato
196 1879 295 1933 praeside
309 1891 355 1920 cum
373 1879 418 1919 aliis
434 1891 487 1930 quas
505 1878 599 1918 Christus
617 1881 727 1918 sanaverat
741 1878 886 1919 testimonium
904 1878 958 1918 dicit
973 1891 1010 1931 pro

134 1945 216 1986 Christo
223 1957 263 1985 sua
273 1948 368 1985 enarrata
378 1944 465 1984 sanitate
476 1943 509 1996 (ol,
518 1941 662 1996 Taenaros,
672 1943 783 1995 Evangelia
792 1944 919 1995 apocrypha,
929 1944 1010 1995 Lipsiae

134 2009 339 2063 temperasset
378 2046 380 2049 .
587 1998 589 2003 ’

162 2078 206 2116 Non
218 2076 257 2116 erit
270 2076 306 2115 abs
319 2087 341 2115 re
355 2075 430 2115 afferre
444 2074 549 2125 quaedam
560 2075 657 2124 exempla
670 2074 696 2114 de
710 2074 828 2125 modoque
842 2074 974 2115 narrationes
985 2075 1010 2116 de

133 2142 241 2182 miraculis
253 2133 354 2180 evacuare
366 2142 388 2179 et
398 2143 519 2191 pervertere
530 2142 642 2179 conantur.
654 2140 724 2190 Atque
735 2139 790 2189 prius
803 2139 829 2178 dc
840 2139 931 2185 &bit-Sd.

144 2219 145 2223 ¹
161 2207 213 2247 Cum
224 2206 352 2246 recentiores
361 2205 505 2245 rationalistae
518 2205 633 2245 daemones
647 2205 748 2244 exsistere
758 2207 838 2256 negent
848 2216 926 2256 eosque
939 2204 1010 2245 adsu-

132 2262 283 2325 perstilicnem
292 2271 397 2311 iudaicam
406 2264 511 2319 5611616551,
523 2270 603 2311 mirum
612 2281 654 2309 non
664 2272 696 2310 est
707 2270 764 2321 quod
772 2271 917 2310 narrationem
928 2269 953 2310 de
964 2271 1011 2312 dae-

131 2338 234 2379 moniacis
245 2348 292 2377 non
303 2338 330 2376 ita
345 2336 454 2388 accipiunt
467 2336 500 2376 uti
515 2336 576 2376 verba
590 2337 671 2375 sonant.
687 2335 728 2382 Qui
741 2335 823 2386 aliquid
839 2335 881 2375 veri
893 2337 1009 2377 narrationi

132 2404 219 2445 subesse
233 2402 359 2449 concedunt,
374 2399 494 2442 existimant
508 2413 519 2441 a
532 2401 613 2442 Christo
628 2401 679 2441 duos
690 2400 774 2440 insania
787 2403 808 2439 et
820 2400 889 2439 lurore
902 2404 1009 2453 correptos

133 2481 180 2510 esse
194 2472 286 2508 sanatos.
298 2468 356 2514 Quod
370 2478 419 2506 vero
433 2467 457 2506 de
473 2467 543 2517 porcis
558 2466 655 2513 refertur,
665 2466 686 2504 in
703 2465 769 2504 varias
781 2467 852 2516 partes
867 2465 963 2515 trahunt;
978 2469 1009 2507 vel

132 2533 249 2574 ululatibus
261 2544 287 2571 ac
295 2531 424 2571 clamoribus
434 2531 557 2571 insanorum
568 2542 645 2583 665665
655 2530 777 2571 16556166165
787 2530 902 2583 aufugisse
916 2532 950 2572 vel
960 2544 1009 2574 casu

132 2612 156 2639 ac
167 2598 251 2638 fortuito
266 2597 342 2637 eodem
356 2600 451 2647 tempore
466 2596 498 2636 ibi
512 2607 599 2649 gregem
614 2593 728 2647 porcorum
742 2596 842 2647 periisse;
857 2597 888 2637 rel
903 2597 1008 2638 Christum

132 2676 180 2705 5656
196 2663 368 2704 accommodasse
389 2662 512 2702 notionibus
530 2662 664 2712 insanorum,
680 2664 705 2701 nt
722 2673 746 2702 ea
761 2662 957 2702 accommodatione
974 2675 1008 2703 665

132 2732 227 2778 5666561;
238 2728 296 2768 unde
304 2740 350 2768 cum
360 2729 467 2779 in'pcrcos
480 2728 560 2779 ingredi
568 2729 723 2783 peterenteum
734 2727 832 2767 annuisse
843 2729 863 2766 ct
870 2729 1007 2778 postmodum
1020 2728 1021 2734 ’

131 2795 225 2834 tabulam
236 2794 295 2833 illam
306 2794 330 2833 de
343 2793 413 2846 gregis
424 2794 511 2834 interitu
525 2804 569 2834 6556
583 2797 659 2833 ortam.
670 2792 723 2833 hliis
734 2793 814 2845 placuit
827 2792 972 2834 narrationem
981 2795 1005 2835 de
1018 2819 1019 2822 =

132 2860 202 2911 665615
214 2861 293 2899 5616556
306 2859 330 2899 ad
345 2870 382 2899 665
397 2859 431 2909 qui
445 2858 552 2899 Christum
566 2870 613 2899 6556
627 2870 639 2899 6
652 2858 761 2899 Gerasenis
775 2856 884 2908 repulsum
898 2848 1009 2911 6665616-1
1070 2881 1071 2884 ¹

131 2924 196 2965 lorint
206 2923 297 2974 ideoque
305 2936 328 2964 ea
336 2936 357 2964 re
368 2924 454 2965 inventa
464 2924 557 2976 aliquam
568 2925 594 2965 de
603 2924 714 2965 Gerasenis
724 2922 840 2963 vindictam
851 2935 924 2976 capere
932 2926 1008 2965 ,velue-

131 2991 174 3030 rint
181 2989 213 3029 rol
224 2989 309 3028 tandem
315 2990 386 3040 ipsum
396 2990 495 3031 insanum
503 2990 576 3032 ultimo
586 2990 663 3030 luroris
671 2990 755 3039 impetu
762 2987 783 3027 in
790 2988 886 3029 medium
893 3002 1006 3043 porcorum
1018 2985 1020 3007 ¹

131 3066 218 3109 gregem
229 3053 337 3094 insiluisse
348 3055 670 3108 665666161666566566611556
682 3052 776 3106 (Weiss).

158 3121 209 3161 Cum
217 3120 313 3162 Christus
321 3118 377 3159 (licet
387 3132 390 3158 :
401 3125 482 3162 nonest
493 3124 575 3161 mortua
582 3119 660 3170 puella,
669 3118 708 3159 sod
719 3119 800 3170 dormit,
812 3120 876 3174 aliqui
885 3123 950 3161 totam
961 3133 1006 3161 nar·
