2211 3575
494 244 570 275 ulrrr.
587 236 605 282 6,
622 235 690 276 rear.
861 261 862 265 =
990 233 1027 275 33l

148 335 222 396 potius
229 337 252 381 in
264 324 335 393 coelo,
344 340 368 383 in
377 341 495 383 aeternum
505 338 553 383 soil.
565 352 726 398 permansuros
734 339 803 397 atque
812 336 841 381 ab
849 336 912 380 onmi
922 334 1025 394 periculo

148 407 234 452 alienos
246 427 256 450 o
272 408 364 471 (iareah
381 410 421 455 atr
434 425 507 469 raeque
523 425 607 469 occupo
621 412 663 454 etc.
678 411 694 454 i.
715 425 734 454 e.
753 409 807 469 quia
819 408 853 453 ibi
870 422 947 468 neque
963 406 1025 450 tinea

148 494 221 538 neque
229 481 301 525 erosio
312 482 434 526 demolitur
441 484 510 525 eteln
519 482 562 525 hac
574 481 730 525 admonitione
739 479 1024 539 praeclarumcontinetur

148 550 310 597 documentum
321 553 438 598 doetrinae
452 553 480 596 de
490 552 577 596 meritis
591 566 686 610 operum
699 550 847 595 bonorumet
858 551 885 595 de
899 552 1022 608 augmento
1082 546 1085 553 ’

147 621 238 678 gloriae
245 624 345 670 coelestis
359 624 420 684 quod
430 624 512 668 merita
521 623 561 667 illa
572 612 730 681 consequatur.
746 624 803 666 Sunt
812 622 871 666 enim
885 621 987 666 thesauri
997 622 1021 664 in

147 693 209 738 coelo
223 697 316 755 repositi
330 711 400 757 opera
415 695 487 750 bona,
506 709 604 752 quorum
620 694 698 753 aliqua
711 693 811 738 Christus
827 693 894 738 modo
907 692 1022 738 recensuit

146 764 193 808 scil.
209 762 385 826 eleemosynam,
401 766 537 822 oraticnem,
551 766 664 810 ieiunium
680 764 814 825 (dummodo
830 764 984 822 debite'fiant)
998 766 1021 809 et

146 839 199 889 ala
209 838 352 882 tolerantiam
366 838 515 890 iniuriarum3
530 837 557 881 iis
573 837 657 897 quippe
670 851 757 881 merces
771 837 914 896 promittitur
929 836 1018 895 copiosa

98 939 99 942 η
145 922 204 966 (pirae
216 909 288 965 igitur
297 911 322 954 in
332 913 455 967 augmento
469 910 556 968 gloriae
567 924 593 953 ac
603 907 717 953 beatitatis
731 909 837 953 consistat
847 910 942 968 oportet.
998 957 1001 964 A

178 981 247 1030 Quam
258 983 364 1027 nocivum
378 998 404 1027 ec
416 986 482 1042 turpe
493 981 521 1026 sit
532 981 598 1025 avide
613 981 731 1026 thesauros
743 980 864 1025 corradere
875 980 901 1025 in
910 982 972 1025 terra
981 994 1019 1024 ne-

145 1050 224 1107 glectis
235 1053 380 1110 coelestibus,
391 1057 413 1098 at
422 1068 491 1113 quam
498 1053 554 1096 utile
563 1053 592 1097 sit
599 1055 621 1096 et
627 1053 772 1111 praeclarum
780 1052 898 1097 thesauros
909 1051 1018 1109 colligere

144 1136 185 1180 pro
199 1125 273 1179 coelo,
287 1125 388 1181 Christus
401 1125 512 1169 sententia
524 1124 624 1183 quadam
635 1124 738 1180 generali
754 1138 780 1167 ac
790 1124 861 1167 veluti
875 1123 1017 1182 proverbiali

144 1191 243 1238 declarat
255 1210 275 1239 v.
290 1200 317 1239 21
329 1195 370 1240 troz·
383 1195 440 1239 erum
454 1203 485 1239 est
495 1194 614 1239 thesaurus
625 1199 689 1250 terres,
701 1193 734 1238 ibi
743 1202 776 1238 cst
786 1193 846 1254 (crit)
861 1201 882 1238 el
891 1209 928 1238 ror
937 1201 1017 1249 tzuum‘

143 1263 245 1309 redditur
258 1266 336 1326 itaque
349 1269 406 1311 ratio
422 1266 499 1326 (eutha)
515 1281 555 1310 cur
567 1280 639 1310 unum
653 1267 681 1309 sit
693 1265 824 1322 vitandum,
839 1265 937 1329 alterurn
954 1265 1017 1309 omni

142 1333 216 1379 studio
235 1338 427 1397 prosequendum.
451 1356 461 1379 u
481 1338 608 1381 Thesaurus
626 1340 691 1392 tuus,
714 1336 739 1380 id
760 1340 803 1391 est,
823 1337 884 1397 quod
904 1337 976 1381 habes
991 1337 1017 1379 in

141 1408 216 1464 pretio
225 1443 232 1462 ‚¹
247 1408 272 1452 id
285 1410 347 1469 quod
358 1424 432 1466 amas,
448 1408 510 1469 quod
523 1410 700 1468 aestimassquo
714 1408 845 1463 delectaris,
860 1408 886 1452 id
899 1408 960 1469 quod
972 1408 1016 1452 tibi

122 1515 125 1519 Δ
141 1480 174 1521 est
183 1479 335 1538 carissimum,
349 1482 374 1526 in
389 1497 434 1541 quo
451 1495 518 1525 omne
534 1479 623 1541 tempus
639 1482 661 1524 et
676 1480 776 1524 studium
792 1480 910 1525 collocas»
924 1479 1013 1540 (Lup.)3

140 1549 236 1608 proinde
252 1551 271 1595 si
285 1552 336 1612 quis
351 1553 470 1598 thesauros
485 1553 585 1596 interra
601 1552 667 1596 avide
686 1551 805 1611 acquirere
817 1552 901 1608 studet,
914 1552 961 1596 eius
976 1566 1015 1595 cor

142 1620 211 1664 fixum
221 1624 285 1667 estin
296 1626 369 1678 terra,
382 1624 500 1668 addictum
511 1627 544 1668 est
551 1624 620 1667 rebus
629 1622 725 1677 caducis,
734 1625 807 1667 totum
815 1624 872 1667 iacet
879 1625 1014 1682 occupatum

140 1694 162 1734 et
171 1693 285 1751 sepultum
295 1696 401 1741 servitute
411 1709 489 1739 rerum
504 1694 617 1738 fluxarum
628 1697 650 1738 et
658 1694 773 1747 inanium3
790 1712 800 1734 u
816 1709 861 1754 quo
876 1694 933 1754 quid
943 1695 1012 1739 mise-

140 1762 234 1808 rabilius
244 1765 324 1810 luerit?
334 1768 418 1811 etenim
433 1766 496 1811 omni
512 1754 576 1809 servo
586 1764 689 1809 miserior
700 1768 732 1808 cst
744 1765 795 1809 talis
805 1766 875 1809 homo
890 1767 1013 1826 pessimam

140 1833 183 1876 sibi
194 1837 324 1881 servitutem
335 1852 461 1892 arcessens,
473 1830 580 1897 quodque
590 1836 700 1880 funestius
711 1838 745 1880 est
753 1837 853 1896 prodens
862 1837 963 1881 hominis
971 1852 1011 1881 no-

138 1903 251 1952 bilitatem
264 1912 331 1969 atque
344 1909 474 1953 libertatem
492 1926 502 1949 o
521 1908 554 1968 (S.
577 1907 675 1968 Chrys).
691 1907 773 1958 Quodsi
788 1923 842 1953 vero
854 1909 973 1953 thesauros
988 1910 1012 1954 in

139 1977 200 2021 coelo
209 1978 316 2037 colligere
325 1981 390 2025 nobis
399 1980 464 2025 cordi
473 1984 517 2035 est,
529 1980 598 2023 etiarn
609 1995 647 2024 eor
656 1980 672 2024 i.
683 1994 703 2024 e.
717 1994 780 2023 mens
790 1983 812 2033 et
823 1981 923 2036 animus,
938 1984 1012 2026 totum

138 2049 254 2105 cogitandi
264 2052 432 2112 appetendique
447 2051 548 2096 studium
562 2051 592 2096 ad
602 2051 707 2095 coelestia
721 2053 742 2095 et
757 2053 848 2095 aeterna
863 2052 975 2110 dirigetur
989 2057 1011 2098 et

137 2119 161 2163 in
171 2121 233 2165 coelo
243 2123 381 2179 versabitur,
393 2123 492 2183 ideoque
502 2136 572 2182 quam
586 2123 683 2167 maxime
693 2122 860 2169 nobilitabitur.
873 2126 951 2184 Itaque
960 2140 1010 2170 sen-

137 2191 207 2236 tentia
218 2193 274 2238 haee
287 2211 307 2239 v,
324 2199 350 2240 21
365 2195 463 2254 pertinet
476 2195 506 2239 ad
520 2210 541 2239 v.
555 2198 582 2239 19
600 2197 621 2238 et
636 2199 664 2238 20
678 2194 715 2253 (cf.
733 2195 757 2239 S.
772 2193 850 2255 Chrys.
869 2194 959 2242 Chrcm.
972 2213 1008 2258 cp.

137 2260 192 2321 hup.
206 2265 286 2308 Pcscb.
305 2268 342 2310 Br.
363 2266 412 2310 Cui.
425 2267 488 2310 Icrzs.
502 2264 573 2324 Bac).
589 2267 631 2308 Cor
643 2268 719 2309 autem
734 2279 797 2310 more
811 2266 967 2311 Hebraeorum
981 2269 1009 2313 de

136 2337 210 2378 mente
222 2338 244 2379 et
253 2336 342 2392 animo,
354 2337 381 2381 de
391 2336 508 2381 intellectu
519 2339 541 2380 et
549 2336 665 2380 voluntate
678 2336 768 2380 dicitur.

165 2408 246 2457 Quanti
258 2423 311 2452 vero
324 2409 435 2453 momenti
447 2408 474 2452 sil
487 2407 588 2452 conditio
602 2406 675 2451 cordis
687 2407 763 2452 autin
775 2408 861 2453 bonum
875 2410 947 2454 autin
958 2412 1008 2456 ma'-

134 2477 193 2532 lum,
215 2478 326 2525 locutione
343 2479 499 2541 metaphorica
516 2480 693 2532 demonstratum
709 2479 764 2524 inde
781 2495 873 2539 quoque
888 2483 1008 2529 necessitas

134 2551 236 2608 sequitur
244 2551 345 2596 aninmm
354 2567 368 2596 a
376 2552 444 2596 rebus
452 2552 549 2596 terrenis
557 2551 704 2596 abstrahendi
714 2554 736 2596 et
745 2551 774 2596 ad
781 2552 886 2597 coelestia
893 2553 1009 2612 dirigendi

134 2635 154 2664 v.
167 2625 194 2665 Ἡ
205 2622 297 2666 lura-ua
306 2624 406 2683 corporis
415 2623 466 2683 (tui)
475 2631 508 2667 est
516 2623 594 2667 oculus
605 2622 686 2681 (tuus),¹
699 2623 718 2666 st
728 2622 806 2666 oculus
817 2632 868 2667 tuus
877 2624 949 2683 ficeret
957 2625 1009 2670 stm-

131 2692 197 2750 plcc,
212 2707 283 2752 purus
292 2709 306 2738 a
315 2695 401 2739 nocivis
411 2694 561 2748 humoribus,
574 2693 683 2754 simplem,
695 2695 729 2738 uti
739 2697 821 2738 natura
831 2695 875 2738 fert
887 2695 934 2739 sine
945 2711 1007 2742 mor-

133 2763 187 2808 bida
198 2764 333 2819 conditione,
346 2773 417 2810 tollore
426 2780 508 2825 corpus
518 2775 583 2810 terrim
592 2765 694 2809 lucidum
704 2765 747 2809 erit
756 2766 770 2809 i.
784 2780 802 2808 e.
814 2767 920 2812 universa
930 2782 1008 2830 corpo-

132 2837 163 2879 ris
181 2837 284 2880 membra
304 2838 335 2881 ita
356 2836 549 2881 illuminabuntur
571 2839 596 2880 ut
613 2837 699 2895 possint
721 2836 811 2894 singula
834 2852 874 2882 sua
895 2854 1007 2899 peragere

132 2907 207 2950 officia
216 2907 294 2967 (Icus)
306 2911 327 2952 et
335 2923 383 2953 sese
392 2924 405 2952 a
414 2908 517 2968 periculo
529 2910 551 2951 et
561 2906 683 2951 offensione
694 2907 763 2953 tueri.
774 2908 869 2953 Oculum
880 2911 1008 2970 sintpb'ccm

131 2978 206 3032 graeci
215 2978 328 3037 explicant
340 2995 435 3034 corteno,
446 2980 504 3039 ὑγιῆ,
519 2993 577 3038 quae
591 2978 711 3038 explicatio
726 2981 748 3023 et
760 2980 809 3040 ipsa
820 2983 932 3038 sententia
945 2998 1007 3028 com-

131 3048 251 3092 mendatur
262 3053 283 3092 et
289 3053 431 3109 oppositione
441 3051 502 3096 oculi
510 3053 597 3110 serape&
603 3080 609 3104 ,
622 3065 673 3094 cum
683 3051 767 3110 πονηρός
783 3051 811 3096 de
820 3053 900 3096 morbo
910 3052 932 3098 et
945 3055 1006 3099 malo

131 3119 223 3177 physico
232 3119 374 3166 adhibeatur.
393 3124 471 3167 Solum
480 3123 558 3183 aliqua
575 3121 697 3167 difficultas
705 3123 731 3167 in
740 3138 765 3167 eo
779 3123 868 3179 haeret,
882 3125 935 3184 quia
949 3125 1004 3169 alias

131 3186 205 3239 ἁπλοῦς
220 3191 351 3235 tantumde
363 3192 493 3250 integritate
511 3208 602 3239 morum
623 3197 753 3254 usurpatur.
774 3194 855 3247 Quodsi
874 3196 1002 3253 urgendum
