2239 3511
483 210 557 238 rrnrrrr.
574 200 593 246 3,
611 199 664 238 i-tr.

297 395 298 398 Ἴ
341 354 359 391 3.
374 350 498 412 Pandam
508 364 523 390 s.
534 350 616 390 Ιοαιιιιίσ
628 351 720 409 βιητίίοίαο
726 325 803 402 'ap-12.

119 466 120 469 ’
155 453 558 513 ar.indrabnsauremrrrrs'vennrodnnes
595 472 642 514 ,3,ί,
661 470 690 506 Ἐν
700 471 765 514 diruis
777 472 845 520 ἡμέραις
856 472 926 514 ἐκείναις
938 475 1013 521 παραγί-

131 527 335 574 baptistapraodicans
348 532 367 564 in
383 532 457 565 deserto
471 531 557 571 Iudaeae,
582 538 626 561 νεται
651 526 728 573 Ἰωάννης
748 527 757 561 6
778 527 869 575 βαπτιστὴς
887 530 973 576 κηρύσσων
995 530 1012 566 ἐν

132 592 148 624 2.
160 593 178 625 et
187 591 411 637 dicenstpocnitentiam
421 592 559 634 agite;app1·o·
581 582 721 631 tbsspdptp‘tdt
744 583 823 625 Ἰουδαίας
840 588 857 621 2.
879 585 941 633 λέγων·
961 599 1012 633 μετα-

130 650 227 693 pinquavit
248 651 297 684 enim
318 659 398 692 regnum
417 651 518 685 coelorum.
542 651 557 684 3.
581 643 641 694 νοεῖτε,
660 642 729 691 ἤγγικεν
745 643 777 691 γὰρ
793 643 803 688 ἡ
821 644 897 691 βασιλεία
911 649 945 680 τῶν
961 642 1027 693 οὖρα-Ψ

132 710 166 743 Hic
177 711 205 743 est
218 711 268 744 enim
284 712 316 752 qui
324 710 390 748 dictus
404 711 432 744 est
444 719 478 754 per
491 710 559 745 isaiam
582 706 620 739 υιῖιν.
633 706 650 738 3·
661 700 707 743 οὗτος
719 703 752 751 γάρ
762 702 823 739 ἐστινὸ
835 702 889 751 ῥηθείς
899 702 929 739 δίἳι
942 703 1011 740 Ἠσαίου

131 771 241 813 prophetam
257 769 365 805 dicentem:
380 779 416 804 vox
429 771 526 803 clamantis
540 770 559 802 in
581 764 609 797 τοῦ
630 763 713 810 προοίτου
732 764 815 811 λὲνυνιυσ
836 763 881 811 νυυὴ
902 764 974 811 βοῶντος
993 765 1010 800 ἓν

131 829 205 863 deserto
223 838 226 862 :
245 832 310 872 parate
328 830 379 862 viam
398 830 482 871 Domini,
498 829 559 863 rectas
580 824 601 869 τῇ
615 821 676 870 ἐρήμῳ·
692 822 790 871 ἑτοιμάσατε
805 824 834 862 τίν
852 823 891 859 ὁδὀν
905 824 970 871 Κυρίου,
984 823 1010 859 εὖ-

130 888 185 923 tacite
196 890 272 922 semitas
284 889 329 922 etus.
343 887 359 921 ί.
371 889 414 930 Ipse
427 891 491 922 autem
501 888 558 932 Ioan-
581 880 623 921 θείας
641 883 703 917 ποιεῖτε
719 882 747 923 τὰς
762 883 826 929 τρίοους
845 883 902 920 αυτοῦ.
921 887 940 920 4.
963 883 1010 924 αὐτὸς

109 943 110 946 ’
130 956 163 981 nes
176 947 256 980 habebat
265 948 398 981 vestimentum
408 946 431 980 de
441 948 483 990 pitis
495 955 556 980 came·
579 939 619 973 ῧὲὅ
637 939 714 986 Ἰωάννης
730 947 777 990 εἶχεν
793 942 812 977 το
830 941 893 989 ἔνδυμα
910 943 959 994 αὐτοῦ
977 942 1009 979 ἀπὸ

130 1007 191 1050 iorum
204 1007 223 1040 et
235 1015 301 1040 zonam
312 1007 411 1049 pelliceam
424 1008 474 1040 circa
483 1006 557 1039 lumbos
579 1003 639 1047 τριχῶν
654 999 731 1048 ἰαμῆλου
747 1000 841 1052 καὶζζιίινην
858 1003 958 1055 δερματίνην
971 1003 1010 1050 περὶ

129 1075 182 1106 suos;
198 1075 240 1100 esca
256 1068 318 1115 autem
332 1067 372 1100 cius
386 1068 426 1100 crat
441 1067 524 1100 locustae
539 1065 557 1099 et
578 1058 607 1103 τὴν
626 1058 676 1107 ὄαρον
699 1060 755 1103 αὐτοῦ,
775 1060 785 1105 ἡ
808 1060 826 1096 δὲ
844 1060 895 1109 τρορὴ
916 1058 936 1106 ἧν
959 1061 1008 1097 αὐτοῦ
1028 1102 1030 1104 ,

129 1127 166 1159 mci
185 1127 276 1160 silvestre.
292 1126 308 1159 5.
326 1126 378 1159 Tunc
393 1126 456 1159 exibat
473 1125 496 1159 ad
514 1134 556 1160 eum
578 1118 641 1165 σἰν-ρίῦες
650 1118 678 1154 καί
688 1119 725 1165 μέλι
738 1116 803 1167 ἄγριον.
818 1122 837 1159 6.
850 1121 888 1156 τότε
903 1120 1007 1169 ἐξεπορεύετο

129 1186 244 1227 lerosolyma
260 1187 278 1219 et
295 1186 356 1219 omnis
373 1186 442 1225 Iudaea
461 1186 480 1219 et
495 1178 555 1232 omnis
577 1180 615 1225 πρὸς
633 1178 683 1214 οὗτοι
705 1177 812 1227 Ἱεροσόλυμα
830 1181 858 1215 καὶ
875 1180 945 1225 πᾶσαῆ
966 1180 1007 1216 Ἰου-

129 1246 181 1286 regio
193 1246 241 1279 circa
255 1244 362 1285 Iordanem;
375 1246 391 1278 6.
404 1247 422 1278 et
434 1245 555 1287 baptizaban·
577 1238 615 1273 δαία
631 1241 657 1274 αοί
676 1239 720 1274 σασα
737 1238 747 1283 ἦ
765 1239 856 1287 περίχωρος
873 1242 903 1275 τοῦ
923 1239 1007 1287 Ἰορδάνου

129 1305 159 1337 tur
175 1305 197 1337 ab
214 1313 236 1339 οο
252 1306 271 1337 in
287 1305 366 1338 Iordane
385 1304 495 1338 confitentes
512 1314 556 1347 pec·
578 1301 594 1333 6·
612 1297 639 1333 καί
651 1297 757 1340 ἒίατιίέοντο
773 1299 790 1334 ἐν
804 1302 829 1346 τῷ
845 1299 919 1348 Ἰορδάνῃ
935 1306 1006 1349 ποταμῷ

85 1381 87 1384 -
129 1366 171 1398 cata
181 1373 222 1399 sua.
234 1365 251 1398 7.
259 1364 330 1398 Videns
341 1366 403 1398 autem
413 1365 481 1398 multos
492 1365 556 1405 phari·
577 1357 603 1393 ἵνα
615 1356 664 1394 αὐτοῦ
675 1357 825 1406 ἐξομολογούμενοι
837 1358 866 1400 τὰς
882 1359 961 1407 ἁμαρτίας
975 1360 1006 1395 αὖ·

89 1411 100 1425 *
125 1432 215 1457 -saeorum
228 1424 246 1457 et
260 1423 407 1457 sadducaeorum
420 1425 518 1457 venientes
532 1423 556 1456 ad
577 1421 616 1453 τῶν.
632 1420 649 1454 7.
664 1418 702 1452 ἰδὼν
715 1417 733 1453 δὲ
745 1418 817 1459 πολλοὺς
830 1422 863 1454 τῶν
875 1419 965 1465 οαρισαίοιν
978 1421 1007 1455 καὶ

127 1483 240 1524 baptismum
256 1482 374 1529 suumdinit
390 1482 416 1515 eis
434 1489 438 1518 t
455 1484 555 1525 progenies
577 1477 690 1512 σαδῧουν-αίοιυ
712 1477 810 1525 ἐρχομένους
833 1477 859 1513 ἔτι
881 1478 901 1513 το
923 1479 1006 1527 βάπτισμα

127 1542 242 1584 viperarum,
265 1541 306 1583 quis
339 1541 475 1575 demonstravit
503 1543 555 1581 uobis
577 1536 622 1572 εἶπεν
643 1536 705 1578 αὐτοῖς·
721 1537 818 1585 γεννήματα
839 1537 907 1585 ἐχιδνῶν
927 1538 950 1580 τίς
966 1539 1005 1575 ὐπέ-

127 1600 297 1642 iugereaventura
306 1601 371 1635 irat&
380 1601 442 1635 Facite
453 1610 497 1643 ergo
504 1601 554 1635 iruc-
575 1595 625 1637 ὃειξέν
640 1597 680 1644 υμῖν
692 1598 754 1645 φυγεῖν
770 1596 802 1633 σἰτιὶν
820 1599 849 1641 τῆς
867 1597 960 1644 μελλούσης
975 1598 1004 1646 ὄρ-

127 1663 166 1694 tum
181 1660 394 1702 dignumpoenitentiao!
409 1661 427 1693 9.
441 1664 460 1694 et
473 1670 497 1694 ne
509 1661 553 1694 veli·
575 1658 613 1704 γῆς
629 1658 645 1694 8.
660 1656 740 1700 ποιήσοιτο
754 1652 783 1692 οὖν
800 1657 862 1699 καρπον
876 1656 921 1698 ίίξιον
933 1661 962 1702 τῆς
973 1672 1002 1705 με·

127 1722 151 1753 tis
166 1721 228 1753 dicere
242 1721 292 1752 intra
306 1729 340 1754 vos
355 1726 359 1755 Σ
375 1723 448 1762 μαίνοιτο
462 1720 553 1754 habemus
575 1715 640 1756 τανοίας
654 1719 671 1752 9.
682 1715 710 1750 καί
723 1715 744 1763 μὴ
760 1716 817 1761 δόξητε
830 1716 885 1764 λέγειν
900 1716 917 1752 ἐν
931 1716 1007 1759 ἑαυτοῖς·4

128 1779 232 1819 Abraham;
244 1779 284 1812 dico
297 1780 348 1813 enim
358 1779 410 1811 vobis
420 1781 508 1821 quoniam
518 1789 553 1822 po·
575 1775 636 1821 πατέρα
658 1775 719 1823 ’ἔχομεν
741 1774 770 1810 τὸν
796 1774 877 1823 ’ripaue
904 1776 948 1824 λέγω
969 1779 1002 1824 γὰρ

127 1842 168 1873 νοντα
182 1839 210 1872 est
226 1838 276 1872 Deus
290 1838 312 1872 de
328 1838 421 1880 lapidibus
441 1840 481 1872 istis
493 1840 558 1872 susci·r
574 1834 613 1882 ὑμῖν
628 1834 653 1870 ὅτι
665 1834 733 1870 δύναται
746 1834 805 1876 cocu
818 1834 836 1869 ἐκ
850 1838 883 1870 τῶν
897 1834 949 1871 λίθων
963 1838 1002 1871 τού-

92 1926 93 1929 ,
126 1897 221 1931 tarofilios
232 1898 325 1931 Abrahae.
338 1897 365 1930 10.
374 1898 413 1931 Iam
423 1899 473 1931 enim
483 1900 553 1932 securis
575 1907 606 1929 των
620 1893 683 1942 ἐγεῖραι
698 1895 747 1930 τέκνα
763 1898 787 1942 τῷ
804 1893 884 1942 Ἀβραάμ,
899 1897 927 1932 10.
941 1894 972 1940 ἤδη
986 1896 1004 1931 δὲ
1030 1930 1032 1933 ,

125 1958 149 1991 ad
163 1957 245 1991 radicem
260 1957 348 1991 arborum
362 1958 422 1999 posita
439 1960 476 1998 est,·
492 1959 552 1991 omnis
574 1953 583 1997 ἡ
597 1952 642 1998 ἀξίνη
655 1953 694 2001 πρὸς
706 1952 736 1998 τὴν
748 1953 794 2001 ῥίζαν
807 1957 840 1988 τῶν
857 1955 927 2001 δένδρων
940 1957 1001 2000 κεῖται,

126 2026 171 2059 crgo
187 2017 242 2050 arbor
254 2025 301 2059 quac
316 2025 354 2050 non
367 2017 411 2050 iacit
425 2006 505 2051 fructum
520 2019 551 2051 bo·
573 2014 605 2048 πᾶν
624 2009 652 2049 οἷον
670 2014 735 2061 δένδρον
755 2011 777 2060 μὴ
794 2015 851 2049 ποιοῦν
869 2014 932 2061 καρτὸν
948 2014 1001 2050 καλὸν

125 2086 169 2110 num
180 2076 274 2110 excidetur
288 2080 305 2110 et
317 2077 409 2118 inignem
421 2072 510 2110 mittetur.
523 2078 550 2111 ίί.
574 2072 669 2108 ἐκκόπτεται
684 2072 712 2107 καὶ
727 2072 749 2113 εἰς
770 2075 801 2119 πῦρ
819 2072 906 2119 βάλλεται·
926 2077 953 2111 tt.
968 2074 1002 2122 ἐγὼ

82 2168 84 2172 ⁴
125 2137 165 2178 Ego
174 2135 248 2178 quidem
260 2136 333 2176 baptizo
344 2143 377 2168 vos
390 2136 410 2168 in
420 2144 469 2178 aqua
480 2137 499 2168 in
509 2145 551 2179 poe·
574 2133 602 2181 μὲν
620 2132 662 2179 υμᾶς
678 2132 751 2183 βαπτίζω
767 2131 783 2167 ἐν
802 2131 849 2167 dora
866 2132 888 2173 εἰς
904 2134 1000 2180 μετάνοιαν,

125 2197 231 2235 nitentiam,·
245 2196 276 2237 qui
290 2197 352 2229 autem
363 2197 406 2238 post
419 2203 449 2228 me
462 2198 551 2229 venturus
573 2193 582 2227 6
606 2191 623 2227 δὲ
647 2191 700 2227 ὀπίσω
725 2204 756 2238 μου
780 2192 870 2240 ἐρχόμενος
896 2192 1001 2240 ἰσχυρότερός

124 2257 151 2290 cet
166 2255 231 2288 tortior
247 2263 276 2287 me
293 2257 327 2296 est,
344 2256 397 2288 cuius
412 2263 451 2288 non
466 2264 507 2288 sum
522 2256 550 2289 di·
573 2265 604 2301 μου
621 2252 672 2298 ἐστίν,
686 2246 705 2285 οῧ
723 2251 752 2286 οὖν.
772 2251 806 2298 εἰμὶ
825 2251 880 2292 ἱκανὸς
901 2252 922 2286 τὰ
937 2252 1001 2299 trood-

123 2325 171 2358 gnus
196 2315 321 2348 calceamenta
347 2316 428 2356 portare,
454 2316 494 2357 ipse
517 2325 550 2348 vos
572 2325 616 2360 ματα
638 2312 725 2359 βαστάσαι·
748 2310 796 2352 οὗτος
814 2310 855 2358 δρας
881 2311 958 2358 βαπτίσει
985 2312 1002 2348 ἐν

123 2375 223 2417 baptizabit
235 2375 254 2407 in
269 2367 339 2415 Spiritu
351 2377 416 2407 scncto
431 2377 449 2407 et
462 2376 507 2416 igni,
522 2375 548 2408 12.
572 2372 652 2418 πνεύματι
664 2371 707 2418 ἁγίῳ
720 2370 747 2406 καί
759 2371 802 2417 πυρί]
817 2374 843 2406 12.
854 2366 873 2405 οὗ
886 2370 905 2405 τὸ
919 2371 969 2407 πτύον
983 2372 1002 2407 ἐν

123 2436 175 2468 errius
187 2434 312 2467 ventilabrum
325 2434 345 2466 in
360 2442 416 2466 manu
433 2442 467 2466 sua
480 2436 498 2467 ct
509 2443 550 2476 per-
572 2433 593 2478 τῇ
601 2429 645 2478 χειρί
654 2429 703 2464 αυτοῦ
712 2429 741 2464 καί
750 2429 855 2476 διακαθαριεῖ
863 2429 893 2474 την
904 2430 961 2466 ἅλωνα
969 2431 1001 2466 co-

122 2493 219 2527 mundabit
238 2500 301 2525 aream
320 2500 373 2524 suam
390 2494 408 2524 et
428 2493 551 2534 congregabit
572 2493 601 2525 τοῦ
619 2485 649 2524 καί
665 2487 728 2529 συνάξει
746 2488 774 2523 τὀν
794 2489 840 2523 σῖτον
861 2488 911 2524 αὐτοῦ
930 2489 952 2531 τίς
970 2490 1000 2535 τὴν

122 2553 203 2586 triticum
213 2559 267 2584 suum
277 2552 297 2582 in
307 2552 401 2591 horreum,
412 2551 477 2592 paleas
487 2552 549 2584 autem
572 2548 664 2593 ἀποθήκην·
674 2546 730 2591 αὐτοῦ,
748 2547 766 2582 το
785 2547 802 2582 δὲ
819 2538 888 2596 ἄχυρον
899 2550 1000 2585 κατακαύσει

122 2612 217 2646 comburet
227 2611 266 2653 igni
276 2610 430 2651 inexstinguibili.
571 2608 608 2655 πυρί
620 2606 700 2654 dottam.

145 2749 166 2781 In
176 2749 209 2785 ur
221 2757 255 2781 cau
264 2749 364 2790 ydumcae;
375 2749 450 2783 breuius
457 2750 486 2783 sin
495 2758 513 2783 v.
522 2750 531 2782 3
541 2755 545 2785 2
554 2749 577 2783 de
587 2758 623 2791 quo
633 2749 758 2791 scriptumest
767 2756 800 2790 per
810 2748 879 2781 Isaram
889 2750 999 2792 prophetam

120 2809 211 2842 dicentem
219 2809 291 2850 :parate
297 2809 346 2841 viam
352 2808 436 2848 Domini;
444 2810 484 2851 ipse
490 2811 552 2842 autem
559 2811 593 2842 etc.
600 2808 637 2841 mel
643 2807 734 2841 monitum
740 2826 762 2831 -
768 2807 804 2841 add
809 2815 833 2840 ex
838 2807 882 2842 Luc.
889 2808 905 2848 33
915 2810 932 2843 5.
941 2809 950 2842 6
959 2818 999 2843 om-

120 2869 149 2900 nis
157 2868 211 2900 vallis
220 2867 348 2909 implebitur„
356 2868 426 2901 videbit
435 2869 517 2902 salutare
526 2869 560 2901 Dei
573 2868 627 2901 inab
635 2877 645 2901 o
652 2865 674 2910 μί
687 2872 719 2909 gat
729 2868 747 2899 Ir
760 2867 805 2900 Arn.
820 2866 842 2899 In
851 2876 870 2901 ν.
879 2867 888 2900 6
899 2866 924 2901 0²
935 2870 956 2903 33
968 2869 999 2902 Hii

120 2924 225 2964 εβαπτιζοντο
232 2928 370 2970 παντες;ίθςιττιί
377 2927 398 2961 Τί
405 2927 430 2961 W
435 2928 451 2960 H
458 2924 474 2959 ἐν
482 2928 506 2971 τῷ
514 2925 584 2974 Ἰορδάνῃ
594 2928 664 2972 ποταμῷ
671 2935 712 2960 curn
718 2924 805 2963 ,osscmi
812 2923 846 2960 Δαί
853 2924 915 2969 plus³⁰
921 2929 956 2962 sah
963 2937 998 2971 cop

119 2987 148 3021 sin
162 2984 198 3030 (cu,
209 2987 245 3026 utr,
258 2987 287 3027 br)
298 2995 337 3020 arm
352 2987 395 3020 aeth
410 2986 445 3028 0r;
462 2988 553 3021 omittitur
565 2997 635 3031 ποταμω
647 2983 843 3020 G³DEKLSUVPII
852 2988 870 3020 ai
878 2987 898 3029 pl
908 2988 922 3021 it
931 2997 963 3030 vg.
975 2988 997 3021 In

118 3056 136 3081 ν.
147 3045 157 3079 7
167 3045 188 3078 Τί
196 3044 248 3079 W-H
259 3042 284 3077 ἐπί
297 3043 315 3078 rb
326 3044 409 3091 βάπτισμα
421 3055 463 3080 cum
473 3045 496 3084 Ν*
506 3048 520 3080 Β
531 3048 565 3080 sah
576 3047 602 3080 Or
610 3046 640 3079 Hit
645 3054 650 3086 ς
662 3045 698 3078 add
706 3056 756 3078 αυτου
769 3042 793 3084 ,νίν
807 3046 998 3081 ODEKLMSUVI'

118 3108 132 3139 Δ
141 3102 157 3137 Π
170 3106 198 3138 etc
211 3104 225 3136 it
238 3104 288 3145 vulg.
300 3105 321 3137 In
331 3114 349 3137 v.
361 3105 371 3138 8
381 3116 451 3149 ααρτοος
461 3103 513 3144 αξιους
527 3106 541 3139 L
552 3106 568 3139 U
582 3106 599 3138 al
608 3113 639 3137 mu
649 3102 686 3146 ag²
693 3113 711 3137 m
721 3106 750 3139 sin
760 3105 795 3147 (ou,
807 3102 853 3148 sch).
865 3106 887 3139 In
894 3115 912 3139 v.
926 3107 935 3140 9
944 3106 951 3140 ί
962 3112 966 3142 :
979 3106 997 3139 et

118 3165 175 3199 notite
183 3163 277 3207 praeferre
287 3172 321 3198 vos
335 3163 417 3199 dicentes
427 3166 479 3208 quia3
494 3168 551 3207 potest
562 3165 629 3207 legitur
641 3166 660 3198 in
670 3172 700 3198 am
715 3174 748 3198 oar
759 3165 795 3199 dub
806 3164 845 3198 iuld
856 3163 904 3199 hub*
914 3167 951 3200 iich
960 3166 996 3199 ken
