2239 3511
112 228 151 270 278
451 184 525 258 uarie.
540 219 559 265 5,
576 217 644 256 29-30.

112 332 135 363 se
152 318 231 372 abiici,
251 317 408 376 quodcumque
427 331 468 361 uos
486 316 581 362 seducat
599 316 628 361 ad
648 317 766 375 peccatum
787 328 857 375 grave
880 315 934 359 licet
957 315 986 359 sit

112 388 259 433 carissimum.
275 390 381 448 utquam
394 389 531 434 necessarius
549 388 577 433 sit
594 387 645 432 talis
656 387 747 431 animus
759 376 823 430 sortis
840 389 861 429 et
872 401 933 441 acer,
950 402 986 431 ae-

111 461 176 503 terna
189 459 335 504 damnatione
350 453 466 518 ignaviam
479 460 629 519 subsequente
646 458 718 503 docet.
737 460 775 502 Est
790 458 879 517 itaque,
893 459 919 501 ut
933 457 984 500 Bar.

51 531 53 537 ’
112 529 176 585 dicit,
192 531 309 589 gehennae
326 532 395 576 timor
411 531 501 590 gladius
517 531 659 577 acutissimus
677 543 746 589 quem
760 528 827 573 nohis
844 528 939 589 praebet
957 527 986 571 ad

92 620 93 623 ¹
112 603 188 646 omnia
197 603 360 662 impedimenta
370 607 392 647 et
400 603 558 648 blandimenta
568 601 713 665 amputanda.
845 596 847 599 ’

140 757 193 805 Quid
204 760 266 799 oculo
277 759 391 813 dextero‘ct
399 772 463 800 manu
473 759 604 812 significetur
617 761 638 800 et
647 758 710 811 proin
720 757 772 809 quid
783 756 810 796 sit
820 754 983 803 rernovendunr,

112 824 169 864 varie
180 824 307 877 concipitur;
319 825 407 877 intelligi
417 825 510 877 λογισμοὺς
520 825 613 877 ἐπιθυμίας
624 823 672 878 (cat.
685 823 737 877 Gr.);
749 823 843 863 mentem
854 823 875 861 et
887 820 984 860 volunta-

112 891 155 928 tem
163 891 287 944 esseamalo
295 891 432 931 coercendam
440 889 479 944 top.
489 894 537 942 trop.
546 890 604 930 Hier.
612 879 662 931 Rabss
671 889 738 929 Thera.
747 887 816 941 Dion.)
824 900 828 937 ;
837 887 983 945 membrorum

112 953 218 994 licentiam
232 966 277 995 esse
292 955 457 996 abscindendam
471 954 535 1012 (Br.);
550 955 682 1008 propinquos
698 953 787 1001 amicos
803 952 935 994 consiliarios
949 950 984 1002 qui

113 1019 155 1059 sint
163 1019 225 1060 nobis
235 1021 309 1060 ruinae
319 1021 400 1061 occasio
411 1020 440 1073 (S.
454 1020 524 1073 car-ps.
538 1021 624 1073 Thecpt.
637 1025 674 1060 cat.
691 1020 724 1060 Gr.
737 1019 780 1059 Hit.
795 1018 851 1058 Hier.
865 1017 918 1070 ittig.
933 1016 982 1056 Bed,

112 1085 148 1124 Br.
166 1084 323 1139 Taenariae),
339 1086 417 1133 officia,
435 1086 529 1138 negotia,
546 1085 672 1127 commercia
687 1087 707 1125 ct
723 1085 744 1125 id
760 1096 825 1137 genus
842 1083 922 1134 reliqua
938 1093 984 1123 eso

112 1151 253 1200 amandanda,
264 1151 349 1192 sinobis
357 1152 457 1203 praebent
464 1152 595 1192 occasionem
605 1152 678 1192 ruinae
688 1149 758 1204 (Cat).
768 1151 847 1191 Verum
854 1149 906 1189 haec
913 1148 984 1188 omnia
1045 1202 1048 1206 λ

113 1214 142 1268 (et
157 1216 261 1268 quidquid
274 1220 383 1269 praeterea
395 1218 507 1269 excogitari
520 1217 598 1271 potest)
614 1217 759 1266 includuntur,
774 1218 797 1256 ut
810 1217 868 1255 notat
881 1214 947 1263 lana,
962 1214 983 1252 in

60 1285 62 1288 ’
112 1282 250 1332 explicatione
259 1294 311 1334 quac
322 1295 385 1335 supra
395 1285 427 1323 est
435 1283 492 1333 data,
504 1286 527 1323 ut
537 1283 582 1323 scil.
594 1283 666 1323 omnia
680 1281 814 1333 quantumvis
828 1292 875 1320 cara
888 1282 909 1319 et
921 1279 983 1319 utilia

113 1346 238 1388 abiiciantur
247 1348 273 1388 ad
282 1349 390 1388 vitandum
399 1349 561 1401 offendiculum,
572 1349 627 1389 sicut
636 1348 700 1388 etiam
709 1348 730 1388 S.
739 1347 791 1400 Aug.
801 1347 875 1386 monet
887 1357 891 1384 ε
903 1361 912 1381 c
923 1344 983 1396 quid-

113 1411 163 1470 quid
173 1412 224 1453 lllud
236 1416 267 1453 est
277 1414 332 1465 quod
343 1415 372 1453 ita
382 1414 451 1465 diligis
462 1417 484 1454 ut
492 1425 530 1466 pro
540 1414 612 1454 dextro
624 1414 684 1453 oculo
692 1412 779 1466 habeas,
791 1413 809 1451 si
818 1411 944 1451 scandalizat
954 1412 980 1455 te,

112 1476 133 1516 id
143 1480 182 1525 est,
192 1478 209 1517 si
220 1477 259 1518 tibi
266 1479 419 1530 impedimento
428 1479 492 1519 estad
501 1490 572 1518 veram
579 1478 743 1527 beatitudinem,
754 1489 804 1517 erue
813 1476 866 1516 illud
875 1477 895 1515 et
903 1475 982 1527 proiice

111 1542 177 1582 abste
189 1558 198 1579 a
209 1542 231 1595 (l.
243 1556 261 1583 c.
276 1545 328 1591 l,l3.
336 1543 381 1596 ¹37).
393 1546 420 1584 Ex
431 1544 532 1596 exemplis
546 1556 557 1583 a
569 1544 650 1584 Christo
661 1542 762 1583 adhibitis
772 1542 835 1582 etiam
846 1536 927 1593 colligit
937 1541 980 1581 Cat.

110 1610 246 1659 praeceptum
257 1609 397 1648 abdicationis
409 1609 497 1661 intelligi
505 1609 527 1649 in
537 1608 562 1648 iis
573 1609 634 1649 bonis
646 1620 735 1660 quorum
747 1607 853 1648 abdicatio
864 1606 902 1646 sub
911 1608 982 1645 nostra

69 1723 72 1732 ‚
111 1675 143 1712 est
153 1673 265 1723 electione3
278 1676 372 1714 ceterum
382 1675 514 1715 occasionem
526 1674 643 1727 proximam
654 1685 715 1725 saepe
726 1673 787 1713 reddi
801 1684 863 1724 posse
876 1673 982 1711 remotam

111 1739 131 1777 et
141 1738 246 1792 quomodo
256 1738 278 1779 id
287 1740 324 1779 fiat
333 1740 409 1780 docent
417 1739 517 1792 theologi.

136 1794 262 1845 Sermonem
268 1816 313 1845 esse
319 1805 461 1857 parabolicum
468 1817 535 1856 neque
544 1805 587 1845 ullo
594 1805 657 1845 modo
664 1804 690 1844 de
697 1804 743 1856 ipsa
750 1805 896 1844 membrorum
903 1802 982 1842 abscis-

111 1868 170 1908 sione
176 1868 312 1922 intelligilere
319 1881 391 1910 omncs
399 1871 474 1909 merito
480 1871 564 1911 docent.
572 1870 622 1910 Eius
628 1869 772 1921 explicationis
778 1869 871 1909 rationes
878 1867 981 1907 iambene

110 1933 170 1974 affert
179 1934 200 1974 S.
213 1933 294 1988 Cinga,
306 1935 394 1976 crimina
403 1936 459 1975 enirn
467 1947 509 1975 non
518 1936 625 1987 pertinere
635 1934 660 1974 ad
671 1946 765 1982 carnem,
778 1935 814 1975 scd
825 1933 981 1974 accusationem

110 2011 194 2052 semper
206 2003 299 2052 spectare
312 2013 397 2053 pravam
408 2001 548 2050 voluntatem,
560 2013 628 2053 neque
642 2000 728 2041 oculum
740 2011 786 2040 esse
800 1995 927 2052 quivident,
943 1998 980 2049 sed

109 2067 202 2105 mentem
213 2068 233 2105 et
244 2066 402 2118 cogitationenr;
414 2067 466 2107 side
477 2067 579 2107 membris
589 2068 646 2106 esset
655 2077 736 2114 sermo,
748 2076 836 2106 necesse
847 2076 893 2105 esse
907 2064 980 2105 ambos

109 2131 160 2183 poni
174 2131 255 2180 oculos,
270 2131 305 2182 qui
315 2132 371 2171 enim
384 2133 408 2172 ab
420 2132 480 2188 oculo
491 2132 564 2172 dextro
575 2131 733 2179 scandalizetur,
745 2130 802 2171 haud
815 2130 878 2170 dubie
892 2129 956 2170 etiam
969 2142 981 2170 a

109 2195 193 2234 sinistro
204 2195 261 2235 idem
270 2208 332 2248 posse
343 2198 386 2249 pati
397 2197 454 2247 (sim.
468 2196 552 2250 Theopt.
562 2196 634 2251 Eutlt.)
645 2199 666 2237 et
675 2200 706 2250 dp.
716 2199 765 2249 imp.
774 2209 783 2237 .·
792 2211 802 2232 n
814 2196 831 2236 si
842 2195 914 2236 dexter
924 2207 980 2254 scan-

108 2260 193 2308 dalizat,
206 2261 291 2302 sinister
299 2262 351 2314 quid
359 2262 422 2303 iacit?
433 2263 536 2315 numquid
548 2262 672 2303 contradicit
682 2262 765 2310 dextro,
778 2264 801 2302 ut
812 2262 884 2302 dexter
894 2261 980 2314 quidem

107 2328 215 2378 tamquam
223 2338 271 2367 reus
280 2328 382 2377 eliciatur,
392 2328 476 2369 sinister
484 2331 556 2369 autem
567 2329 628 2381 quasi
637 2329 737 2369 innocens
748 2329 866 2368 reservetur
874 2326 898 2366 a?
907 2326 978 2367 etAlt.

107 2394 179 2447 monet
191 2393 250 2432 eruto
264 2393 323 2433 oculo
338 2405 380 2433 non
390 2394 458 2434 curari
473 2395 582 2443 morbum,
597 2393 735 2446 nequeenim
747 2392 885 2444 propterhoc
899 2403 980 2441 cessare

107 2457 310 2508 concupiscentiam,
325 2458 366 2497 nisi
375 2460 439 2498 etiam
450 2460 520 2511 inrago
532 2461 617 2498 eruatur
627 2469 682 2510 quae
694 2457 740 2498 erui
751 2469 794 2498 nou
803 2457 878 2510 possit·
890 2456 986 2509 ideoque-

108 2532 156 2561 cum
162 2518 265 2563 Dominus
273 2522 345 2562 doceat
355 2534 426 2563 curare
437 2524 545 2573 morbum,
556 2525 651 2563 constare
661 2523 725 2563 verba
735 2522 760 2563 de
772 2523 866 2563 erutione
877 2524 980 2575 corporali

105 2597 147 2627 non
158 2598 219 2639 posse
230 2587 327 2641 intelligi.
337 2589 447 2630 Praeterea
456 2589 551 2630 membra
561 2600 630 2641 perse
640 2589 696 2629 mala
706 2601 749 2629 non
758 2590 806 2630 sunt
816 2599 855 2629 nec
864 2600 901 2641 per
910 2600 932 2629 se
943 2590 980 2628 ob-

105 2653 186 2693 staculo
197 2653 269 2694 virtuti
280 2665 348 2706 neque
358 2654 379 2693 in
391 2667 414 2695 ea
425 2655 481 2696 cadit
491 2655 628 2707 reprehensio
640 2655 673 2708 (cl.
685 2654 740 2695 laris.
754 2657 775 2695 et
785 2654 833 2694 sim.
845 2654 887 2693 Hit.
899 2655 927 2706 ql.
936 2654 978 2694 ord.

104 2719 139 2758 Br¹
151 2719 221 2760 Thera.
233 2721 277 2760 Cui.
290 2721 339 2760 Ber.
351 2721 406 2772 Spin.
419 2722 469 2774 Lapa.
481 2721 567 2775 Schepp,
580 2722 668 2771 Scitam,
679 2722 737 2774 Fit).
749 2720 810 2761 Hisce
821 2719 939 2760 rationibus
950 2732 980 2759 sa-

104 2784 131 2824 tis
146 2785 264 2826 excluditur
279 2786 424 2848 interpretatio
440 2800 452 2827 a
467 2787 530 2829 Mold.
548 2788 598 2828 Aru.
614 2787 723 2840 proposita
736 2786 843 2826 Christum
859 2785 929 2826 dicere
943 2797 979 2837 per
1027 2839 1029 2843 Α

105 2851 294 2901 exaggerationem,
306 2854 330 2892 ut
342 2853 375 2892 vel
387 2853 472 2893 oculum
489 2854 520 2893 vel
533 2865 621 2894 manum
636 2853 697 2893 nobis
714 2851 869 2901 rescindamus,
885 2851 903 2891 si
919 2850 980 2891 aliter

104 2914 213 2966 peccatum
224 2916 315 2969 cllugere
325 2929 367 2959 non
376 2918 492 2971 possimus;
504 2920 541 2959 sed
550 2919 598 2970 quia
606 2930 690 2970 semper
699 2917 806 2969 possimus
817 2915 875 2957 nefas
886 2928 932 2957 esse
943 2917 979 2956 ali-

77 3001 79 3007 ·
105 2991 167 3032 quam
180 2983 262 3031 partem
277 2984 369 3035 corporis
382 2987 501 3037 amputare3
515 2996 580 3037 ergo:
596 2996 645 3024 erue
659 2983 743 3023 oculum
758 2983 865 3030 dextrum,
874 2982 896 3022 id
906 2984 947 3031 est,
960 2980 976 3020 si

104 3044 149 3085 fieri
159 3048 232 3098 posset
241 3049 277 3087 aut
286 3048 366 3089 liceret.
377 3051 448 3101 Neque
457 3051 505 3091 talis
513 3049 625 3102 explicatio
634 3050 743 3101 probatur,
755 3051 778 3090 ut
787 3052 837 3090 Arri.
847 3049 897 3095 vult,
909 3058 977 3088 exem-

105 3110 146 3162 plis
156 3123 175 3152 v.
187 3112 249 3153 39-41
261 3112 339 3163 allatis,
351 3126 405 3165 quae
418 3116 482 3155 etiarn
495 3115 616 3155 conditione
626 3114 722 3166 apposita
736 3115 762 3155 ad
776 3126 851 3155 sonum
864 3114 976 3153 verborum

106 3175 121 3215 i.
130 3188 148 3216 e.
157 3177 275 3219 litteraliter
285 3179 481 3234 debeantvlntelligi.
492 3182 517 3220 At
528 3183 583 3220 certe
596 3181 677 3220 exsistit
689 3181 804 3220 discrimen
814 3180 864 3220 satis
875 3187 975 3229 magnum
