2211 3575
397 128 475 233 iiiiii:
492 194 511 240 o,
528 194 596 233 itia.
918 199 955 238 roi
1010 180 1011 183 ’

77 312 103 341 ao
114 294 249 356 scrupulum
258 295 297 354 qui
309 295 428 355 splendida
437 294 545 340 vaticinia
558 298 632 340 mente
642 297 757 341 volventes
768 295 815 339 eius
826 294 956 339 humilitate

77 366 260 412 offendebantur.
276 370 359 411 Verum
369 366 464 426 quidem
474 371 506 411 est
524 367 548 411 in
563 368 753 427 subsequentibus
768 367 842 412 solum
853 366 957 425 exempla

76 438 175 499 proferri
183 454 209 482 ex
218 439 281 496 lege3
293 441 316 482 at
325 453 352 483 ea
361 453 386 482 re
396 438 514 496 explicatio
525 438 582 483 haec
591 439 681 483 excludi
690 439 776 498 nequit.
787 443 843 484 Nam
855 438 956 483 Christus

77 510 133 555 alibi
143 511 211 554 etiam
224 509 254 553 ad
264 509 372 554 vaticinia
383 511 493 568 provocat
503 508 572 568 (ioan.
588 513 640 563 5‚i6
652 510 677 553 id
689 510 752 569 quod
764 512 816 554 ante
827 524 955 554 sermonem

77 586 211 626 montanum
227 581 303 624 evenit
315 583 338 638 et
349 583 401 624 Luc.
418 583 481 634 aab
498 583 577 638 postea
591 584 643 625 Luc.
662 584 741 636 18‚31;
757 584 834 635 ‘linit
851 580 897 639 tt).
913 583 956 624 Gur

77 654 153 697 autem
163 652 257 696 hicnon
267 654 384 712 provocet,
397 650 448 696 Alb.
460 651 581 710 respondet
592 652 646 711 quia
655 652 765 697 vaticinia
775 654 846 708 agunt
857 650 885 695 de
893 651 956 694 iutu-

77 725 107 771 ris
127 738 186 784 quae
202 723 293 783 impleri
312 737 360 767 non
377 725 451 782 potest
469 722 559 768 ostendi
577 724 622 767 nisi
643 723 694 783 ipsa
714 737 791 767 rerum
808 722 953 766 exhibitione.

77 798 181 840 Ceterum
196 794 283 839 attendi
295 796 385 854 oportet
401 795 440 851 egi
453 794 475 838 in
492 794 534 838 hoo
547 809 652 839 sermone
664 794 694 842 de
711 794 817 857 doctrina
832 794 955 851 etlegisla-

76 867 137 910 tione
144 866 238 921 Christi;
247 865 343 925 proinde
352 880 418 924 nenio
425 866 475 909 iure
484 866 600 926 postulare
608 868 691 926 potest,
702 869 728 910 at
736 866 780 910 hoc
788 865 837 909 loco
845 880 859 909 a
866 864 954 909 Christo

78 941 240 982 enumerentur
255 937 361 981 vaticinia
378 936 425 981 iam
445 937 469 981 in
484 952 511 981 eo
530 938 649 998 completa.
666 941 746 981 Perse
765 939 841 981 autem
858 938 921 997 patet
937 936 954 980 si

77 1009 168 1053 oracula
178 1008 329 1064 includimus,
341 1021 386 1053 non
397 1008 539 1054 excludimus
552 1009 629 1067 legem
640 1009 751 1053 moralem
758 1008 821 1068 apud
831 1008 954 1067 prophetas

77 1081 224 1140 propositam;
234 1095 286 1124 eam
296 1080 401 1140 explicite
409 1080 474 1124 effert
484 1083 564 1124 auctor
573 1071 611 1141 op.
619 1084 687 1139 i'rop.;
698 1094 748 1126 eam
757 1080 827 1125 etiam
835 1093 881 1123 esse
888 1079 922 1123 int
936 1079 958 1122 i:

76 1151 196 1209 ligendam
209 1151 282 1210 liquet
295 1150 389 1210 quoqa'e
400 1166 430 1202 ex
443 1151 518 1195 verbis
534 1151 617 1196 Christi
631 1166 636 1194 ε
654 1152 679 1194 in
689 1151 725 1194 his
736 1150 825 1194 duobus
839 1151 954 1194 nraudatis

78 1222 182 1266 universa
191 1221 228 1266 lex
238 1222 322 1281 pendet
328 1224 351 1265 et
358 1222 484 1281 prophetae
494 1221 581 1281 (ilatth.
593 1225 675 1278 22‚t0;
684 1222 714 1280 cf.
726 1215 778 1265 Lao.
792 1224 858 1276 1629
869 1220 955 1264 habent

77 1296 164 1350 Moysen
180 1296 202 1337 ct
214 1287 350 1353 prophetam
366 1292 459 1337 audiant
475 1292 544 1351 illos).
562 1295 632 1337 Porro
647 1295 729 1341 notum
742 1294 776 1336 est
790 1306 832 1351 per
844 1292 920 1348 legem
933 1294 955 1335 et
1018 1320 1025 1342 s

76 1354 199 1423 prophetas
210 1365 327 1421 integrum
340 1365 404 1408 retus
415 1366 576 1409 testamentum
590 1363 716 1420 designari.

106 1436 245 1480 Sententiam
260 1435 402 1480 enuntiatam
419 1436 522 1479 sollemni
532 1436 656 1498 assertione
670 1435 790 1480 confirmat
804 1438 825 1480 et
842 1437 953 1494 spirantum
984 1474 987 1480 .

75 1514 148 1571 potest
158 1515 227 1570 auget
237 1528 259 1556 v.
272 1517 299 1557 18
308 1526 376 1557 omen
386 1512 471 1572 quippe
483 1512 532 1557 dr'oo
543 1511 604 1556 colret
613 1515 668 1566 eto.;
680 1515 713 1556 est
721 1527 789 1557 oeteo
803 1505 951 1566 βεὲαιωτικόν,

54 1591 56 1594 ’
76 1585 122 1630 ἀντὶ
133 1594 168 1632 τοῦ
180 1585 213 1631 toi
228 1589 346 1650 (Tbeopb.)
363 1589 456 1634 etidem
467 1590 522 1633 dicit
537 1590 599 1649 quod
617 1587 696 1638 tiator
708 1589 809 1650 (Eretria
827 1605 869 1633 vox
885 1590 950 1634 hebr.

76 1661 167 1705 firmum
182 1661 237 1705 dicit
250 1664 318 1723 atque
332 1654 416 1716 fidnm3
433 1662 517 1718 legitur
528 1661 553 1705 in
565 1661 631 1707 initio
641 1662 755 1713 sermonis
767 1664 809 1705 ler.
824 1655 890 1716 2226ss
906 1661 952 1719 ple-
960 1652 968 1678 ⁵

75 1747 172 1792 rumque
189 1733 213 1775 in
231 1732 277 1775 fine
296 1732 325 1775 ad
343 1732 485 1791 precationes
510 1732 547 1775 vel
568 1732 629 1791 dicta
649 1732 815 1777 confirmando.
840 1732 952 1783 Quamdiu
1012 1758 1013 1762 =

75 1804 159 1848 valebit
168 1803 301 1862 adimpletio
311 1803 432 1862 illaquam
447 1803 548 1848 Christus
555 1803 660 1847 inducit?
675 1802 857 1847 donectrooseot
866 1802 953 1847 coelicet

75 1884 97 1919 ct
107 1882 167 1918 terro
177 1875 192 1919 i.
205 1890 224 1918 e.
237 1888 308 1934 usque
318 1874 348 1918 ad
358 1875 579 1919 consummationem
587 1875 683 1930 saeculi,
696 1874 726 1919 ad
736 1875 953 1919 transmutationem

74 1947 142 1991 hiiius
152 1946 208 1989 coeli
219 1949 240 1989 et
250 1949 324 1989 terrae
334 1945 371 1989 lex
381 1961 410 1989 ue
423 1946 448 1989 in
456 1947 552 1990 minima
565 1946 658 2006 quidem
668 1961 693 1990 re
704 1961 746 1991 sua
756 1946 886 2005 privabitur
899 1945 922 1990 vi
932 1949 954 1990 et

74 2016 247 2076 significatione.
263 2017 349 2061 Dicitur
367 2023 479 2073 trauseat,
498 2037 507 2057 a
524 2032 570 2061 uon
588 2020 670 2061 notura
686 2020 828 2078 naturaeque
845 2017 951 2071 interitu,

74 2087 113 2132 sed
123 2088 231 2147 qualitate
245 2090 267 2132 et
277 2087 412 2132 conditionis
423 2088 560 2144 mutatione⁴
572 2089 587 2131 i.
599 2103 619 2132 e.
635 2088 707 2132 donec
717 2089 806 2132 eoelum
819 2089 953 2132 immutetur

55 2174 57 2179 ·
73 2160 97 2203 in
110 2162 193 2204 statum
206 2173 292 2203 novum
305 2162 326 2202 et
333 2159 460 2216 gloriosum
473 2160 498 2203 in
507 2160 674 2204 resurrectione
686 2178 696 2201 0
712 2159 799 2220 (Lop.);
811 2174 881 2204 novos
891 2160 956 2204 enini

74 2230 146 2275 coelos
156 2234 177 2275 et
193 2244 275 2274 novam
287 2234 372 2275 terram
387 2234 542 2290 exspectamus
561 2231 582 2287 (2
597 2233 656 2274 Petr.
672 2231 734 2289 3‚13)
751 2233 772 2274 et
785 2232 834 2289 ipsa
849 2235 953 2276 creatura

64 2301 208 2345 ,liberabitur
218 2316 231 2344 a
241 2300 349 2350 servitute
359 2301 513 2360 corruptionis
523 2301 547 2344 in
560 2301 692 2345 libertatem
705 2301 793 2359 gloriae
803 2301 904 2346 filiorum
914 2302 952 2346 Dei

74 2371 145 2432 (Rom.
158 2372 227 2432 831).
244 2367 279 2415 dd
292 2373 421 2417 assertionis
430 2373 481 2434 vrim
495 2372 625 2429 aagendam
635 2372 690 2417 dicit
701 2373 747 2417 iota
759 2387 830 2417 00000
842 2382 884 2417 orit
893 2389 953 2418 ortas

73 2459 131 2504 apter
140 2459 186 2488 000
193 2442 327 2503 praeteribit
336 2459 350 2487 o
364 2444 412 2503 leqe
417 2457 426 2499 ;
436 2445 483 2488 iota
491 2443 517 2488 in
526 2444 641 2504 scriptura
654 2445 720 2489 hebr.
737 2459 806 2504 [paam
814 2445 953 2505 quadratam

74 2516 151 2560 dicunt
159 2516 256 2559 minima
266 2519 298 2560 est
306 2516 393 2571 littera,
407 2530 453 2559 non
463 2515 496 2560 ita
505 2517 529 2560 in
537 2517 678 2576 antiquiore3
693 2531 744 2567 cum
755 2517 793 2562 hic
806 2519 882 2561 autem
894 2521 953 2562 certe

74 2588 168 2630 minima
184 2587 261 2630 littera
280 2586 432 2644 intelligatur,
450 2587 515 2632 illam
536 2587 618 2632 Christi
636 2590 739 2648 tempore
759 2589 805 2633 iani
825 2604 867 2633 usu
885 2589 953 2633 fuisse

74 2678 217 2708 communen]
228 2665 402 2727 constatpapex,
414 2662 485 2723 arpalo.
496 2664 574 2727 (aquam
584 2681 664 2710 *vocem
675 2667 743 2712 Etttlt.
756 2666 851 2725 γραμμὴν
860 2664 952 2724 πλαγίαν

73 2735 156 2780 lineam
167 2735 284 2794 obliquam
295 2734 409 2794 explicat),
422 2751 493 2780 cornu
501 2736 636 2796 paruuluml
648 2737 712 2793 dicia
727 2738 821 2781 ductum
835 2738 952 2797 querulam

73 2806 212 2852 levissimum
223 2807 248 2850 in
262 2807 343 2850 itteris
353 2808 487 2868 praesertim
501 2823 553 2852 eum
564 2823 608 2866 quo
619 2808 708 2852 litterae
724 2809 809 2853 similes
821 2819 833 2852 Ξ
844 2813 865 2850 et
876 2822 896 2859 r,
908 2815 930 2851 et
941 2823 952 2854 τ

73 2895 90 2933 i,
103 2895 115 2927 a
127 2887 170 2928 eta
185 2878 244 2921 inter
260 2892 283 2922 se
299 2878 471 2935 distinguuntur
484 2878 522 2938 (ci.
538 2879 663 2938 Liplttfoot,
682 2882 755 2925 Horae
771 2881 837 2925 hebr.
853 2883 877 2925 in
894 2882 917 2925 l.
934 2883 950 2927 l.
1010 2930 1013 2936 ,

94 3039 107 3066 1.
118 3033 191 3066 Possent
198 3032 250 3064 etiam
258 3032 331 3075 intelligi
341 3035 385 3088 iiii]
396 3034 451 3077 apices
460 3043 489 3068 sen
497 3033 573 3075 virgulae
583 3042 634 3075 snper
644 3034 711 3068 litteras
720 3036 804 3077 quasdam
815 3038 886 3069 ornatus
896 3046 952 3078 onnsn,

73 3106 191 3155 coronamenta
203 3101 231 3145 (cf.
242 3105 392 3146 Baistor·s‚1exie.
405 3106 461 3139 chald.
473 3115 488 3148 p.
502 3110 552 3148 25623
564 3105 628 3148 Statio,
641 3106 689 3140 hebr.
703 3108 760 3141 Grani.
772 3117 789 3149 p.
801 3108 833 3150 31),
843 3108 857 3141 si
868 3109 954 3153 constaret

74 3167 91 3191 ro
101 3159 134 3192 iam
144 3161 220 3201 tempore
229 3166 249 3190 co
258 3156 275 3189 in
285 3166 317 3190 usn
327 3157 386 3192 fuisse.
