2211 3575
406 223 407 226 ¹
463 230 541 260 aaran.
558 221 590 268 u,
607 196 641 259 aa.
771 250 773 254 .
909 256 914 265 ,.
941 221 992 261 raia

112 317 208 363 stionem
218 320 254 364 vel
265 318 414 376 obtectionem
425 319 458 380 (S.
470 323 508 375 Br.
521 319 572 365 Alb.
586 320 687 381 l'tom.);
700 319 806 365 subtilius
815 317 897 363 Parca.
915 331 922 361 :
935 334 945 358 c
956 329 992 360 re-

114 389 239 449 spondebat
252 393 349 437 exterius
364 407 421 452 quac
436 392 497 437 intus
512 391 663 436 contuebatur
677 410 696 437 a.
715 392 792 436 ticlius
809 391 848 435 alii
861 390 946 433 notant
958 401 991 431 re-

110 461 221 519 spondere
230 466 285 507 tunc
294 478 384 523 quoquc
394 478 420 508 ex
429 478 472 508 usu
481 462 566 508 biblico
576 454 724 522 diciquando
734 462 852 506 occasione
859 460 991 521 aliquorum
1041 462 1043 469 '

113 531 227 576 dictorum
236 522 272 578 val
281 534 393 579 factorum
403 530 683 593 quidquamadiungitur,
696 532 815 592 quodillis
827 529 941 588 congruat
954 530 990 574 vel
1049 575 1050 582 ἵ

37 646 40 650 ,
112 602 140 646 iis
154 603 218 668 quasi
231 606 305 649 ortum
321 605 403 650 debeat
417 606 438 648 et
451 604 566 661 originem
582 604 652 670 (laus.
671 607 756 664 Lamp,
771 601 874 661 Seiana)
891 603 915 646 id
929 600 991 660 quod

110 677 191 732 auctor
204 689 245 734 op·
255 676 310 736 amp.
330 676 377 720 iam
389 674 485 730 indicat,
502 690 555 719 cum
568 675 628 719 dicat
642 676 756 720 Christum
771 672 910 734 respondere
923 686 990 717 occa-

110 744 198 807 sionem
211 746 359 805 accipientem
370 746 399 789 ah
413 745 572 789 incredulitate
586 748 607 788 et
619 745 702 789 iustam
714 747 753 790 Dei
766 745 938 804 dispositionem
952 744 988 787 in-

113 815 233 861 ducentem
242 833 247 873 ;
262 818 311 862 aaa
323 819 399 861 autam
409 830 500 871 sensum
510 830 556 860 csse
567 816 616 859 vult
627 816 761 876 responderi
772 812 889 874 discipulis
899 831 912 859 a
922 829 989 874 prac-

71 922 74 926 ,
110 885 227 931 dioatione
240 886 344 933 reversis
374 928 376 930 .
804 904 810 909 ·

96 1006 98 1012 ,
141 957 248 1003 Sollemni
259 958 394 1004 allocutione
404 958 433 1003 ad
439 962 529 1004 Patrem
537 958 638 1003 Christus
648 953 704 1003 dicit
715 972 720 1004 ε
732 958 840 1021 confiteor
850 956 900 1011 abt,
910 958 988 1010 Pater,

112 1028 206 1075 Domana
220 1030 278 1075 coeti
291 1038 313 1074 et
325 1039 413 1086 tarra&
426 1030 534 1089 confiteor
545 1029 561 1073 i.
578 1044 598 1074 c.
615 1030 702 1087 gratias
716 1044 760 1088 ago
776 1028 866 1088 (Chrys.
888 1021 986 1090 strepa.

111 1105 180 1150 Erilli.
192 1106 258 1152 Hiar.
274 1106 329 1151 Bed.
341 1098 422 1152 Pascit.
434 1107 485 1152 Ait.
499 1106 576 1152 Tiona.
592 1105 646 1151 Fab.
659 1099 748 1166 Dion.t;
765 1121 808 1150 vox
821 1102 987 1164 ἐξομολογεῖσθαι

110 1177 204 1235 ponitur
213 1167 335 1235 prohehr.v
343 1181 403 1240 utta,
415 1177 482 1222 ctiam
491 1170 533 1236 pro
542 1168 593 1235 lldi
608 1177 789 1235 proindelaudo,
801 1176 904 1233 celebre,
915 1176 997 1233 glori-'

110 1246 165 1302 fico,
175 1250 200 1291 ut
207 1248 310 1307 confiteri
315 1247 441 1308 explicatS.
451 1248 590 1307 Acipusu'nas
599 1247 674 1307 (serm.
686 1252 725 1304 673
735 1250 767 1293 M.
774 1247 870 1309 ,38‚t33)
878 1246 884 1276 ¹
893 1250 914 1292 ct
921 1246 966 1306 Syl
982 1282 986 1291 .

110 1317 166 1361 Aru.
179 1318 274 1378 Scaeam
289 1318 392 1375 Setaea.
403 1318 446 1363 Fit.
457 1322 514 1374 etc.,;
531 1318 571 1363 alii
580 1320 705 1378 utrumque
716 1319 817 1376 iungunt
829 1333 834 1364 ;
849 1319 935 1375 gratias
943 1332 988 1374 ago

58 1425 61 1429 ,
111 1390 133 1431 ct
141 1388 210 1432 laudo
220 1387 277 1448 (rot.
288 1391 348 1434 lans.
359 1390 435 1449 Lupi.
448 1391 471 1434 Si
482 1404 550 1449 quem
559 1389 667 1439 laudibus
678 1389 807 1449 extollimus
817 1391 857 1433 aut
868 1388 889 1432 ei
896 1391 989 1446 gratum

111 1459 215 1503 animum
229 1460 396 1518 significamus,
410 1474 463 1522 cum
478 1460 566 1505 eximiis
578 1459 650 1504 t'tulis
665 1459 806 1520 appellamus
819 1459 903 1519 quilius
917 1459 989 1502 animi
1056 1476 1074 1500 ,·

101 1533 190 1573 sensus
204 1532 226 1574 et
236 1530 328 1584 affectus
341 1530 481 1590 pandamus;
494 1531 526 1575 ita
539 1530 640 1575 Christus
650 1544 741 1590 quoquc
750 1530 778 1574 ad
788 1533 888 1574 nostram
899 1529 988 1574 inst'tu-
1033 1539 1035 1541 ’

110 1599 196 1643 tionem
209 1603 279 1645 Deum
298 1601 419 1661 compellat
433 1600 515 1645 intimo
535 1601 619 1645 amoris
638 1604 661 1645 et
679 1601 821 1645 reverentiae
840 1600 922 1645 affectu
935 1615 986 1645 cum

111 1670 243 1716 laudatione
257 1673 384 1717 immensae
396 1672 443 1716 cius
458 1671 580 1717 maiestatis
596 1686 600 1716 :
614 1672 722 1730 confiteor
735 1671 786 1726 ati,
798 1674 875 1725 Pater,
890 1670 986 1716 Doctrina

110 1740 169 1784 coeli
181 1749 203 1784 at
217 1748 303 1799 terrea·
312 1734 407 1786 nomine
419 1742 476 1787 coeli
489 1745 510 1786 et
522 1744 596 1786 terrae
606 1742 742 1787 universitas
755 1745 914 1786 creaturarum
929 1741 987 1786 desi-

110 1814 208 1868 gnatum
229 1830 243 1869 a
253 1816 305 1857 sunt
319 1816 395 1858 autem
412 1813 452 1857 illa
464 1813 586 1857 Domine...
605 1815 628 1856 et
642 1813 739 1872 repetita
756 1828 799 1856 von
813 1812 885 1856 Patris
905 1813 934 1871 (v.
949 1804 987 1870 tat

111 1881 196 1926 indicia
209 1884 279 1927 animi
292 1886 370 1927 sancta
381 1884 497 1942 voluptate
509 1883 595 1943 perfusi
603 1881 840 1942 divinaque'quadam
851 1882 938 1926 laetitia
947 1897 987 1940 ge-

109 1952 198 1996 stientis
212 1970 222 1993 u
240 1950 327 2012 (lauat
342 1953 434 1998 Addunt
446 1954 517 2014 aliqui
528 1954 604 1998 efferri
617 1944 746 2013 potentiam
756 1955 795 1998 Dei
808 1968 838 1998 ne
851 1952 902 2013 quis
911 1954 988 2013 impo-

111 2022 194 2067 tentiae
204 2024 240 2068 vcl
250 2024 379 2069 infirmitati
392 2025 474 2069 Christi
483 2025 569 2069 tribuat
579 2024 643 2083 quod
653 2022 813 2084 nonspotucrit
822 2025 865 2068 sibi
875 2025 987 2069 subiicere

94 2093 95 2096 ’
109 2093 219 2153 superbos
231 2096 392 2154 Gapharnaitas
402 2093 424 2139 et
429 2095 561 2154 pharisaeos
570 2094 635 2154 (Lap.
646 2091 690 2154 Syl
706 2095 765 2155 ‚]vel
772 2095 847 2139 efferri
854 2089 987 2154 supremum

111 2164 240 2209 doniinium
253 2167 301 2221 Dei,
316 2170 342 2210 ut
353 2169 430 2225 pateat
441 2165 501 2225 nihil
513 2166 623 2210 iniustum
638 2180 684 2211 esse
699 2179 765 2226 posse
777 2166 839 2226 quod
849 2164 877 2210 de
889 2166 933 2211 suis
942 2169 987 2211 sta-

111 2236 181 2279 tuerit
190 2237 300 2281 creaturis
310 2236 367 2295 (Tol.
379 2236 460 2294 lana).
473 2237 520 2281 Sed
526 2252 577 2281 cuni
588 2240 646 2280 Deus
655 2251 703 2281 non
713 2237 791 2296 aliquo
800 2236 892 2280 decreto
903 2240 987 2281 statue-

112 2306 141 2348 rit
158 2305 246 2364 aliquos
264 2302 384 2351 excludere
403 2322 417 2350 a
429 2307 483 2362 fide,
498 2322 579 2351 verum
595 2307 746 2351 incredulitas
759 2307 895 2351 ludaeorum
910 2311 987 2367 aperte

68 2430 69 2433 Ἰ
111 2375 217 2421 hocloco
234 2377 372 2422 attribuatur
389 2391 468 2421 eorum
483 2377 604 2438 superbiae
622 2380 644 2421 et
660 2377 771 2433 malitiae,
790 2392 842 2421 cum
857 2369 987 2429 nullatenus

109 2447 213 2492 deessent
223 2448 277 2508 ipsis
292 2448 376 2493 auxilia
390 2448 489 2506 gratiae,
504 2440 599 2493 minime
613 2462 669 2507 opus
679 2452 712 2493 cst
727 2448 757 2492 ad
768 2444 903 2509 supremum
911 2449 950 2493 Dei
962 2450 987 2493 in

108 2532 189 2562 omnes
199 2522 313 2565 creaturas
326 2520 453 2564 dominium
466 2534 591 2564 recurrere.

124 2606 126 2615 ¹
141 2591 229 2636 Patrem
235 2590 347 2635 'laudibus
357 2594 379 2636 et
388 2583 514 2648 gratiarum
522 2591 611 2634 actione
619 2590 782 2650 celebratqna'o
790 2589 928 2636 abscondisti
932 2592 988 2635 tuac
1039 2594 1040 2597 ’

107 2673 126 2702 a
135 2658 272 2718 sapientibus
281 2667 303 2704 et
307 2652 460 2719 paraclomitus
468 2669 490 2705 et
499 2661 606 2705 revalasti
614 2676 641 2705 aa
650 2661 767 2720 parotium
780 2661 891 2723 sapientes
901 2659 923 2705 ct
933 2663 987 2720 pru-

134 2812 148 2840 1.
161 2807 245 2842 Admonet
256 2818 270 2842 s.
284 2807 344 2842 doctor
356 2807 443 2841 auditores
453 2817 494 2842 suos
507 2820 510 2840 :
522 2819 530 2840 c
541 2807 640 2840 invenimus
649 2816 685 2840 non
695 2800 761 2849 semper
771 2815 810 2839 cnm
818 2807 836 2839 in
845 2808 939 2851 scripturis
947 2797 987 2852 laci-

108 2868 150 2892 tinus
161 2861 296 2902 confessionem.
308 2861 369 2895 debere
381 2869 411 2894 nos
421 2861 515 2903 intelligere
524 2869 584 2893 vocam
594 2860 694 2902 peccatoris,
705 2860 779 2894 Maxime
788 2861 846 2894 antam
856 2861 888 2894 hoc
897 2862 987 2898 dicendum

111 2912 144 2946 init
152 2915 169 2946 ct
178 2913 218 2947 hinc
224 2916 332 2949 admonenda
341 2915 402 2949 caritas
408 2916 474 2954 restra,
484 2910 524 2957 quia
535 2922 575 2947 mox
583 2915 603 2946 ut
611 2913 643 2946 hoc
653 2913 726 2947 verbum
735 2914 795 2956 sonuit
808 2915 827 2948 in
837 2924 866 2948 orc
876 2915 953 2958 lectoris,
964 2928 987 2951 se·

107 2969 161 3014 «cutus
171 2968 197 3000 cst
210 2969 261 3002 etiam
271 2979 323 3003 sonus
333 2969 417 3003 tunsionis
428 2967 502 3011 pectoris
512 2967 574 3007 vestri,
585 2967 644 3000 andito
655 2967 692 3002 scil.
701 2968 749 3011 quod
758 2968 843 3003 Dominus
855 2969 879 3001 ait
893 2983 896 3004 :
907 2971 987 3005 confiteor

111 3021 141 3054 tibi
149 3022 205 3054 Pater.
215 3022 235 3054 In
243 3022 275 3055 hcc
283 3023 321 3065 ipso
328 3024 374 3066 qnod
381 3022 439 3057 sonuit
448 3021 535 3064 carutium·
541 3023 610 3063 pectora
618 3021 715 3056 tutudistis.
724 3023 803 3057 Tundere
813 3025 870 3056 autem
880 3027 939 3065 pectus
946 3024 986 3066 qnid

111 3077 136 3108 est
143 3075 177 3108 nisi
186 3076 309 3117 a1·gua1·aquod
317 3077 359 3111 latai
366 3077 384 3111 in
392 3078 460 3120 pectore
468 3079 486 3110 at
491 3075 565 3110 evidenti
575 3074 626 3116 pulsu
634 3075 723 3110 occultum
732 3077 815 3120 castigare
824 3078 924 3119 peccatum?
932 3078 986 3114 Quam

86 3156 89 3161 ,
111 3129 144 3162 hoc
153 3128 223 3168 lecistis,
232 3127 265 3162 nisi
274 3129 314 3171 quia
323 3130 395 3164 audistis
404 3129 490 3173 consumi·
499 3130 533 3165 att
543 3130 610 3163 riter?
619 3128 708 3171 confiteor
718 3130 799 3170 audistis,
810 3130 839 3173 qui
848 3130 942 3168 confitetur,
953 3139 986 3164 non

110 3181 212 3217 ¹attendistis.
225 3183 273 3216 Nunc
282 3191 321 3224 ergo
331 3182 415 3217 advertite
425 3185 442 3216 a!
