2239 3511
149 148 173 187 82
496 154 575 199 narra.
592 144 610 192 1,
627 143 670 184 5-8,

149 260 206 304 quae
216 249 248 289 est
258 231 370 290 messiano
380 247 402 288 et
410 259 451 302 per
462 244 652 298 ilcssiam-regem
665 242 756 286 demum
767 240 859 306 inopus
875 236 1019 293 deducenda,
1054 238 1056 242 ’

112 354 113 358 ,
148 316 217 361 David
226 330 264 359 rex
274 320 342 374 typus
353 317 385 358 est
394 313 473 358 Glnristi
484 316 506 356 et
514 314 562 372 ipse
569 309 655 356 hlessias
662 315 753 356 vocatur
760 304 832 356 David
841 310 884 372 (Eu.
897 314 971 364 alma.
985 311 1018 353 Os.

150 387 195 445 3,5)
206 388 228 429 et
239 385 325 429 dieitur
338 400 436 430 sessurus
444 398 511 443 super
525 384 607 428 solium
621 382 690 428 David
701 388 721 427 et
734 394 803 442 super
815 395 913 440 regnum
923 380 981 433 eius,
997 382 1022 423 ut

81 496 83 499 .
149 456 265 500 confirmet
279 456 339 500 illud
349 459 370 500 et
380 455 514 500 corroboret
523 468 595 514 usque
604 454 629 498 in
639 454 802 513 sempiternum
808 453 848 512 tls.
864 457 910 509 ihi.
921 449 987 497 Pacci
995 450 1018 509 .)

149 527 291 571 Praeclarum
298 528 376 587 itaque
385 542 437 587 prae
444 526 551 581 omnihus
557 526 630 584 locum
637 525 707 570 David
714 522 809 583 occirpat
814 527 907 584 propter
912 521 1021 583 promissa

149 599 259 643 messiano
268 601 290 649 et
300 600 411 642 rationem
420 597 469 657 typi
478 596 588 656 (Gramma,
598 597 703 653 senooz),
712 610 811 653 regnum
818 596 843 655 in
849 595 905 639 Iuda
914 597 961 638 erat
967 601 1021 637 vero

108 702 109 705 ,
149 682 215 713 sensu
224 669 368 723 davidicum
381 669 440 714 unde
453 670 503 713 iure
513 668 552 712 ille
564 659 625 713 solus
634 669 658 712 in
669 666 806 725 genealogia
816 682 855 711 rex
864 666 953 710 dicitur.

179 740 252 785 Dauid
263 749 341 785 aretem
350 756 391 786 rea
399 740 478 800 peracit
486 740 633 786 Salomonem
643 754 670 783 ea
680 755 706 784 ea
716 753 774 798 perae
784 732 831 798 facit
844 738 921 793 Uriae,¹
934 735 981 780 scil.
995 747 1021 778 ex

149 811 284 866 Bethsabee3
296 812 325 856 de
334 814 425 871 peccato
436 811 505 856 David
514 810 567 854 vide
576 814 589 853 2
602 813 656 868 Reg.
670 815 721 865 113
730 824 777 869 seq.
786 825 791 865 3
802 824 815 853 a
825 809 913 854 Nathan
924 807 1021 852 monitus

150 883 196 938 egit
205 883 378 940 poenitentiam.
391 885 446 925 Deus
457 880 533 925 autern
543 880 658 937 insignem
666 894 729 924 suam
739 881 839 925 ostendit
847 881 871 923 in
879 879 984 927 Davidem
994 876 1021 920 de

149 954 238 1011 peccato
249 951 365 996 dolentem
375 952 565 1006 misericordiam,
578 950 686 1011 quianon
696 951 789 995 abstulit
803 950 923 1010 promissa,
942 962 1021 992 verum
1030 964 1031 967 ¹

134 1014 136 1018 ’
150 1023 222 1067 filium
232 1023 323 1067 Davidis
335 1038 361 1067 ex
372 1023 504 1077 Bethsabee,
515 1025 571 1067 tunc
580 1022 683 1080 legitima
691 1022 782 1067 havidis
793 1036 874 1075 uxore,
884 1023 970 1078 natum,
983 1022 1020 1078 Sa-

150 1093 268 1137 lomonem‘
275 1096 298 1138 et
307 1094 351 1139 sihi
360 1094 481 1139 amabilem
489 1093 581 1138 vocavit
592 1095 614 1137 et
623 1094 688 1151 regni
696 1108 722 1138 ao
729 1093 905 1153 promissionum
914 1090 1021 1135 heredem
1056 1123 1059 1128 .

150 1164 245 1209 insuauia
255 1164 295 1224 (of.
309 1168 387 1223 anag.
402 1168 498 1216 aaran
511 1168 567 1222 neg.
580 1169 624 1219 os.
638 1170 648 1209 1
660 1168 709 1209 rar.
720 1168 781 1220 aaa.
796 1169 834 1217 103
846 1163 916 1224 aaa).
928 1161 988 1207 Unde
997 1162 1020 1205 in
1054 1153 1061 1163 '

150 1235 217 1280 huius
228 1235 396 1280 misericordiae
406 1236 568 1280 documentum
578 1250 688 1294 perenne,
701 1250 745 1294 quo
755 1235 855 1279 fidelitas
866 1234 904 1278 Dei
917 1237 938 1277 et
948 1233 1021 1290 gratia

150 1308 305 1366 maximopere
316 1308 399 1363 elucet,
410 1322 436 1351 eo
447 1321 505 1366 quae
515 1307 563 1351 fuit
569 1307 632 1351 Uriae
643 1308 667 1368 in
675 1306 810 1364 genealogia
821 1306 957 1349 nominatur.
968 1307 1020 1348 Pec-

151 1381 199 1421 cato
209 1380 270 1421 enim
279 1377 370 1422 havidis
380 1381 464 1437 quanta
472 1378 499 1422 sit
509 1378 548 1422 Dei
555 1377 684 1434 benigniias
694 1393 719 1421 ao
725 1378 842 1423 miseratio
851 1375 1020 1421 commendatur
1035 1432 1037 1435 v

149 1448 230 1492 illustri
240 1448 320 1503 niodo,
333 1451 399 1508 prout
409 1450 456 1508 ipse
469 1448 541 1493 David
550 1448 686 1494 confitetur:
701 1451 725 1492 ut
738 1448 868 1493 iustificeris
876 1449 901 1492 in
912 1448 1019 1492 sermoni·
1044 1452 1046 1455 ’

149 1518 191 1563 hus
204 1519 248 1562 tuis
262 1522 285 1563 et
297 1519 374 1563 vincas
387 1534 438 1564 curn
453 1518 562 1563 iudicaris
576 1519 624 1579 (Ρε.1
636 1523 694 1575 ont.
712 1522 776 1563 Rom.
797 1518 853 1579 3‚t).
870 1520 974 1578 Apposite
993 1533 1020 1562 ea

150 1589 177 1632 de
190 1604 214 1633 re
225 1590 271 1634 iam
281 1590 389 1634 scribitur
400 1591 459 1635 inter
474 1591 616 1641 Quaestiones
633 1594 654 1634 et
668 1591 825 1650 responsiones
840 1589 869 1634 ad
885 1590 1018 1634 orthodoxos
1062 1589 1064 1593 '

150 1675 187 1719 qu.
200 1664 227 1704 78
238 1676 243 1706 ε
259 1680 270 1701 a
285 1662 372 1706 hahens
384 1663 493 1706 honorem
505 1662 656 1721 poenitentiae
666 1664 721 1713 Deus
731 1661 756 1705 in
767 1661 821 1705 filiis
836 1676 862 1705 ex
874 1661 938 1705 Uriae
950 1675 1019 1719 uxore

150 1732 230 1788 genitis
240 1746 314 1788 genus
322 1732 411 1777 Doridis
420 1731 535 1776 constituit
545 1736 567 1776 et
579 1733 691 1776 Christum
700 1747 726 1776 ex
735 1732 775 1776 illa
786 1732 815 1775 oh
826 1732 920 1776 eandem
929 1747 1019 1776 causam

149 1803 261 1859 originem
272 1802 355 1846 ducere
370 1804 440 1846 voluit
454 1821 463 1842 »
481 1802 521 1861 (Μ.
538 1803 640 1861 6‚1320);
653 1803 755 1847 similiter
765 1802 829 1862 Splc.
841 1805 893 1847 Bar.
909 1805 930 1846 et
939 1802 1019 1847 merito

147 1873 206 1917 lans.
215 1874 253 1917 Dei
261 1872 404 1917 clementiam
414 1874 501 1918 ostendi
513 1874 545 1917 ait
554 1876 576 1918 et
586 1875 609 1919 S.
623 1874 700 1918 Pescla.
716 1875 816 1918 maximo
825 1873 1019 1932 indulgentiarum

147 1943 258 1988 beneficia
267 1944 427 2003 praefigurari.
440 1947 511 2003 Atque
522 1944 574 1988 Alb.
590 1959 597 1988 :
610 1963 620 1985 a
633 1948 657 1988 ut
669 1959 721 2002 ergo
729 1945 815 1989 sciatur
829 1936 890 2004 quod
901 1948 1017 2004 peccatum

147 2029 192 2058 nou
203 2014 369 2074 praeiudicavit
382 2015 470 2059 verItati
485 2016 652 2075 promissionis,
667 2016 717 2067 ideo
732 2031 775 2075 per
788 2016 883 2060 eandem
900 2017 1018 2060 mulierem
1033 2067 1035 2069 ¹

146 2086 248 2145 implevit
261 2086 418 2144 promissionis
427 2086 547 2130 veritatem
558 2089 579 2131 et
588 2087 672 2131 mentio
682 2087 728 2131 eius
737 2086 764 2131 fit
776 2087 805 2130 ah
818 2087 965 2145 evangelista,
978 2087 1018 2131 uhi

147 2156 272 2201 ostenditur
281 2156 377 2216 impleta
387 2153 501 2202 veritas».
512 2157 585 2201 David
594 2158 670 2217 itaque
681 2161 728 2202 acta
737 2157 879 2217 poenitentia
890 2159 1018 2218 progenitor
1037 2176 1039 2178 ·

146 2227 171 2270 lit
179 2227 268 2272 Alessiae
276 2228 316 2286 qui
325 2231 431 2272 venturus
439 2231 471 2272 est
479 2239 563 2273 vocare
571 2232 697 2288 peccatores
704 2229 733 2273 ad
740 2229 915 2289 poenitentiam
925 2230 1017 2274 ethavi-

146 2298 179 2343 dis
188 2294 329 2358 poenitentia
338 2299 448 2357 promissa
458 2314 503 2344 esse
515 2299 625 2355 stabilia,
639 2301 706 2344 etiarn
716 2315 733 2345 s.
752 2302 833 2345 auctor
843 2301 944 2346 indicare
955 2301 1018 2345 vide-

145 2371 181 2413 tur
188 2385 192 2416 :
200 2370 309 2414 Dominus
315 2371 421 2429 purgavit
427 2374 521 2430 peccata
526 2371 597 2430 ipsius
604 2374 625 2414 et
631 2371 734 2415 exaltavit
739 2372 764 2414 in
771 2373 888 2415 aeternum
895 2387 964 2416 cornu
971 2373 1018 2417 eius

146 2443 167 2483 et
177 2441 238 2483 dedit
249 2440 284 2482 illi
294 2443 451 2484 testamentum
461 2442 528 2499 regni
538 2444 559 2484 et
568 2442 643 2485 sedern
653 2442 738 2498 gloriae
746 2443 771 2485 in
784 2443 850 2486 lsrael
860 2443 926 2487 Eccli.
940 2448 1015 2499 aare.

175 2514 199 2554 In
211 2510 306 2568 regibus
318 2511 383 2568 regia
393 2513 479 2556 ilessiae
494 2512 595 2570 dignitas
611 2512 767 2558 adumbratur.
786 2513 849 2558 Unde
862 2517 1018 2573 progenitores

145 2582 191 2626 eius
207 2596 272 2639 reges
285 2582 342 2626 Iuda
354 2586 498 2628 recensentur
514 2598 519 2629 ε
535 2583 645 2628 Salomon
658 2593 732 2629 aretem
746 2585 829 2645 penaria
840 2585 939 2630 acroam
952 2587 1018 2631 etita

145 2668 210 2711 porro
220 2668 260 2712 per
271 2653 364 2707 Atriam,
377 2656 429 2710 Asa,
442 2655 557 2714 Iosaphat,
570 2659 650 2700 loram.
663 2658 721 2700 Inter
730 2659 805 2701 loram
816 2659 891 2701 autem
901 2661 922 2701 et
934 2659 1015 2713 Oxiam,

145 2724 184 2781 qui
194 2724 284 2767 Axarias
303 2740 392 2783 quoque
404 2729 504 2781 vocatur,
521 2728 567 2770 tres
581 2740 646 2783 reges
659 2728 794 2772 omittuntur
809 2741 813 2772 :
827 2728 944 2785 tichonius,
957 2733 1013 2783 toas,

126 2847 127 2850 Ἰ
145 2795 250 2838 Ainesios.
264 2797 305 2838 Eos
317 2796 417 2840 consulto
428 2797 512 2852 omitti,
525 2797 557 2840 ita
568 2800 593 2841 ut
604 2812 629 2841 ex
639 2799 774 2856 genealogia
785 2798 867 2842 Christi
876 2800 967 2844 omnino
979 2800 1016 2844 dc-

144 2865 182 2907 leti
192 2868 212 2908 ei
225 2867 333 2925 expuncti
346 2867 546 2922 haheantur,‚inde
556 2871 619 2930 patet
629 2870 682 2929 quia
691 2870 815 2914 Matthaeus
825 2869 927 2929 explicite
939 2872 1015 2916 statuit

145 2951 164 2977 v.
179 2940 204 2979 17
214 2950 228 2978 a
237 2937 308 2980 David
318 2938 658 2997 usqueadtransmigrationem
670 2941 786 2985 numerari
797 2943 966 3000 quatuordecim
974 2958 1014 3000 ge-

143 3007 281 3061 nerationes3
294 3023 333 3052 eae
344 3012 419 3054 autern
429 3011 501 3055 solum
511 3011 634 3066 hahentur,
646 3012 664 3055 si
675 3014 718 3056 tres
728 3012 762 3056 illi
774 3013 842 3072 plane
856 3013 1011 3060 excluduntur.

144 3078 204 3122 Unde
217 3079 416 3137 quaerendum'est
426 3097 466 3125 cur
475 3083 546 3125 trium
556 3082 648 3125 illorum
657 3083 748 3127 nomino
760 3084 834 3128 deleta
845 3085 888 3128 sint
899 3099 925 3128 ex
936 3086 1011 3141 lsrael,
