<?xml version="1.0" encoding="UTF-8"?>
<!DOCTYPE html PUBLIC "-//W3C//DTD XHTML 1.0 Transitional//EN"
    "http://www.w3.org/TR/xhtml1/DTD/xhtml1-transitional.dtd">
<html xmlns="http://www.w3.org/1999/xhtml" xml:lang="en" lang="en">
 <head>
  <title>
</title>
<meta http-equiv="Content-Type" content="text/html;charset=utf-8" />
  <meta name='ocr-system' content='tesseract 3.04.00' />
  <meta name='ocr-capabilities' content='ocr_page ocr_carea ocr_par ocr_line ocrx_word'/>
</head>
<body>
  <div class='ocr_page' id='page_1' title='image "./MN41446ucmf_0_0268.png"; bbox 0 0 2239 3511; ppageno 0'>
   <div class='ocr_carea' id='block_1_1' title="bbox 127 226 647 300">
    <p class='ocr_par' dir='ltr' id='par_1_1' title="bbox 127 226 647 300">
     <span class='ocr_line' id='line_1_1' title="bbox 127 226 647 300; baseline -0.004 -7"><span class='ocrx_word' id='word_1_1' title='bbox 127 255 165 300; x_wconf 71' lang='lat' dir='ltr'>aaa</span> <span class='ocrx_word' id='word_1_2' title='bbox 323 265 325 268; x_wconf 95' lang='lat'>·</span> <span class='ocrx_word' id='word_1_3' title='bbox 485 226 565 293; x_wconf 23' lang='lat' dir='ltr'>*narra*</span> <span class='ocrx_word' id='word_1_4' title='bbox 578 255 598 300; x_wconf 77' lang='lat' dir='ltr'>i,</span> <span class='ocrx_word' id='word_1_5' title='bbox 614 254 647 292; x_wconf 79' lang='lat' dir='ltr'>aa.</span> 
     </span>
    </p>
   </div>
   <div class='ocr_carea' id='block_1_2' title="bbox 127 351 1010 400">
    <p class='ocr_par' dir='ltr' id='par_1_2' title="bbox 127 351 1010 400">
     <span class='ocr_line' id='line_1_2' title="bbox 127 351 1010 400; baseline -0.002 -10"><span class='ocrx_word' id='word_1_6' title='bbox 127 356 190 392; x_wconf 84' lang='lat' dir='ltr'>taede</span> <span class='ocrx_word' id='word_1_7' title='bbox 203 355 286 390; x_wconf 77' lang='lat' dir='ltr'>Galilaea</span> <span class='ocrx_word' id='word_1_8' title='bbox 299 354 317 389; x_wconf 88' lang='lat' dir='ltr'>et</span> <span class='ocrx_word' id='word_1_9' title='bbox 330 355 452 398; x_wconf 88' lang='lat' dir='ltr'>Decapoliet</span> <span class='ocrx_word' id='word_1_10' title='bbox 466 357 489 389; x_wconf 79' lang='lat' dir='ltr'>ele</span> <span class='ocrx_word' id='word_1_11' title='bbox 503 357 554 389; x_wconf 90' lang='lat' dir='ltr'>lero·</span> <span class='ocrx_word' id='word_1_12' title='bbox 576 351 693 397; x_wconf 76' lang='grc' dir='ltr'>ἠκολούθησαν</span> <span class='ocrx_word' id='word_1_13' title='bbox 714 351 758 400; x_wconf 75' lang='grc' dir='ltr'>αὐτῷ</span> <span class='ocrx_word' id='word_1_14' title='bbox 775 352 826 400; x_wconf 67' lang='grc' dir='ltr'>ὄχλοι</span> <span class='ocrx_word' id='word_1_15' title='bbox 844 352 906 388; x_wconf 76' lang='grc' dir='ltr'>πολλοὶ</span> <span class='ocrx_word' id='word_1_16' title='bbox 922 352 957 389; x_wconf 75' lang='grc' dir='ltr'>’ἀπὸ</span> <span class='ocrx_word' id='word_1_17' title='bbox 981 354 1010 397; x_wconf 76' lang='grc' dir='ltr'>τῆς</span> 
     </span>
    </p>
   </div>
   <div class='ocr_carea' id='block_1_3' title="bbox 127 410 1098 462">
    <p class='ocr_par' dir='ltr' id='par_1_3' title="bbox 127 410 1098 462">
     <span class='ocr_line' id='line_1_3' title="bbox 127 410 1098 462; baseline -0.002 -13"><span class='ocrx_word' id='word_1_18' title='bbox 127 416 203 457; x_wconf 80' lang='lat' dir='ltr'>solymis</span> <span class='ocrx_word' id='word_1_19' title='bbox 220 417 238 448; x_wconf 85' lang='lat' dir='ltr'>et</span> <span class='ocrx_word' id='word_1_20' title='bbox 254 415 277 448; x_wconf 84' lang='lat' dir='ltr'>de</span> <span class='ocrx_word' id='word_1_21' title='bbox 294 415 363 449; x_wconf 81' lang='lat' dir='ltr'>iudaea</span> <span class='ocrx_word' id='word_1_22' title='bbox 378 417 397 448; x_wconf 84' lang='lat' dir='ltr'>et</span> <span class='ocrx_word' id='word_1_23' title='bbox 412 415 434 448; x_wconf 84' lang='lat' dir='ltr'>de</span> <span class='ocrx_word' id='word_1_24' title='bbox 448 418 499 449; x_wconf 86' lang='lat' dir='ltr'>trans</span> <span class='ocrx_word' id='word_1_25' title='bbox 514 415 554 448; x_wconf 88' lang='lat' dir='ltr'>Ior-</span> <span class='ocrx_word' id='word_1_26' title='bbox 576 412 668 453; x_wconf 76' lang='grc' dir='ltr'>Γαλιλαίας</span> <span class='ocrx_word' id='word_1_27' title='bbox 680 411 708 447; x_wconf 81' lang='lat' dir='ltr'>aui</span> <span class='ocrx_word' id='word_1_28' title='bbox 715 411 827 452; x_wconf 78' lang='grc' dir='ltr'>’Δεκαπόλεως</span> <span class='ocrx_word' id='word_1_29' title='bbox 839 412 868 447; x_wconf 78' lang='grc' dir='ltr'>καὶ</span> <span class='ocrx_word' id='word_1_30' title='bbox 887 410 1009 460; x_wconf 75' lang='grc' dir='ltr'>Ἱεροσολύμων</span> <span class='ocrx_word' id='word_1_31' title='bbox 1033 458 1034 462; x_wconf 15' lang='lat'>¹</span> <span class='ocrx_word' id='word_1_32' title='bbox 1096 417 1098 422; x_wconf 78' lang='grc'>’</span> 
     </span>
    </p>
   </div>
   <div class='ocr_carea' id='block_1_4' title="bbox 127 470 1013 524">
    <p class='ocr_par' dir='ltr' id='par_1_4' title="bbox 127 470 1013 524">
     <span class='ocr_line' id='line_1_4' title="bbox 127 470 1013 524; baseline -0.003 -16"><span class='ocrx_word' id='word_1_33' title='bbox 127 474 200 508; x_wconf 85' lang='lat' dir='ltr'>danem.</span> <span class='ocrx_word' id='word_1_34' title='bbox 576 472 605 506; x_wconf 78' lang='lat' dir='ltr'>aui</span> <span class='ocrx_word' id='word_1_35' title='bbox 612 470 699 512; x_wconf 49' lang='lat' dir='ltr'>*laniatae</span> <span class='ocrx_word' id='word_1_36' title='bbox 712 471 740 524; x_wconf 71' lang='lat' dir='ltr'>aul</span> <span class='ocrx_word' id='word_1_37' title='bbox 752 471 802 518; x_wconf 74' lang='lat' dir='ltr'>utputa</span> <span class='ocrx_word' id='word_1_38' title='bbox 815 474 845 506; x_wconf 80' lang='grc' dir='ltr'>τοῦ</span> <span class='ocrx_word' id='word_1_39' title='bbox 861 470 952 518; x_wconf 77' lang='grc' dir='ltr'>Ἰορδάνου.</span> <span class='ocrx_word' id='word_1_40' title='bbox 1012 502 1013 505; x_wconf 76' lang='grc'>,</span> 
     </span>
    </p>
   </div>
   <div class='ocr_carea' id='block_1_5' title="bbox 113 553 1077 909">
    <p class='ocr_par' dir='ltr' id='par_1_5' title="bbox 113 553 1077 909">
     <span class='ocr_line' id='line_1_5' title="bbox 150 553 1010 616; baseline 0 -14"><span class='ocrx_word' id='word_1_41' title='bbox 150 570 171 602; x_wconf 90' lang='lat' dir='ltr'>ln</span> <span class='ocrx_word' id='word_1_42' title='bbox 181 579 198 602; x_wconf 91' lang='lat' dir='ltr'>v.</span> <span class='ocrx_word' id='word_1_43' title='bbox 211 569 231 603; x_wconf 77' lang='lat'>23</span> <span class='ocrx_word' id='word_1_44' title='bbox 243 569 264 603; x_wconf 84' lang='lat' dir='ltr'>Ti</span> <span class='ocrx_word' id='word_1_45' title='bbox 275 570 301 604; x_wconf 90' lang='lat' dir='ltr'>W</span> <span class='ocrx_word' id='word_1_46' title='bbox 313 569 329 603; x_wconf 90' lang='lat' dir='ltr'>H</span> <span class='ocrx_word' id='word_1_47' title='bbox 341 568 429 603; x_wconf 89' lang='lat' dir='ltr'>omittunt</span> <span class='ocrx_word' id='word_1_48' title='bbox 439 579 448 601; x_wconf 95' lang='grc' dir='ltr'>ο</span> <span class='ocrx_word' id='word_1_49' title='bbox 462 578 497 612; x_wconf 81' lang='grc' dir='ltr'>ιησ;</span> <span class='ocrx_word' id='word_1_50' title='bbox 512 569 531 616; x_wconf 85' lang='lat' dir='ltr'>at</span> <span class='ocrx_word' id='word_1_51' title='bbox 544 569 593 602; x_wconf 81' lang='lat' dir='ltr'>Iesus</span> <span class='ocrx_word' id='word_1_52' title='bbox 606 570 675 612; x_wconf 80' lang='lat' dir='ltr'>legitur</span> <span class='ocrx_word' id='word_1_53' title='bbox 685 569 704 602; x_wconf 87' lang='lat' dir='ltr'>in</span> <span class='ocrx_word' id='word_1_54' title='bbox 714 574 728 607; x_wconf 66' lang='lat' dir='ltr'>n</span> <span class='ocrx_word' id='word_1_55' title='bbox 739 567 783 603; x_wconf 76' lang='lat' dir='ltr'>G&#39;D</span> <span class='ocrx_word' id='word_1_56' title='bbox 796 570 814 602; x_wconf 91' lang='lat' dir='ltr'>al</span> <span class='ocrx_word' id='word_1_57' title='bbox 826 568 846 603; x_wconf 86' lang='lat'>10</span> <span class='ocrx_word' id='word_1_58' title='bbox 858 569 921 603; x_wconf 83' lang='lat' dir='ltr'>tersit</span> <span class='ocrx_word' id='word_1_59' title='bbox 934 553 975 611; x_wconf 79' lang='lat' dir='ltr'>pler</span> <span class='ocrx_word' id='word_1_60' title='bbox 984 577 1010 611; x_wconf 78' lang='lat' dir='ltr'>vg</span> 
     </span>
     <span class='ocr_line' id='line_1_6' title="bbox 126 616 1077 675; baseline -0.002 -13"><span class='ocrx_word' id='word_1_61' title='bbox 126 637 159 671; x_wconf 80' lang='lat' dir='ltr'>cop</span> <span class='ocrx_word' id='word_1_62' title='bbox 170 638 201 671; x_wconf 74' lang='lat' dir='ltr'>syr</span> <span class='ocrx_word' id='word_1_63' title='bbox 211 638 250 662; x_wconf 84' lang='lat' dir='ltr'>ann</span> <span class='ocrx_word' id='word_1_64' title='bbox 261 630 305 663; x_wconf 89' lang='lat' dir='ltr'>aeth</span> <span class='ocrx_word' id='word_1_65' title='bbox 316 629 354 663; x_wconf 80' lang='lat' dir='ltr'>nus</span> <span class='ocrx_word' id='word_1_66' title='bbox 368 630 410 671; x_wconf 83' lang='lat' dir='ltr'>post</span> <span class='ocrx_word' id='word_1_67' title='bbox 420 638 508 675; x_wconf 71' lang='grc' dir='ltr'>περιηγενς</span> <span class='ocrx_word' id='word_1_68' title='bbox 522 632 566 671; x_wconf 85' lang='lat' dir='ltr'>post</span> <span class='ocrx_word' id='word_1_69' title='bbox 575 626 611 674; x_wconf 63' lang='lat' dir='ltr'>aab</span> <span class='ocrx_word' id='word_1_70' title='bbox 622 631 642 662; x_wconf 88' lang='lat' dir='ltr'>in</span> <span class='ocrx_word' id='word_1_71' title='bbox 651 624 849 663; x_wconf 70' lang='lat' dir='ltr'>olnlllrsuvrtll</span> <span class='ocrx_word' id='word_1_72' title='bbox 859 629 877 662; x_wconf 89' lang='lat' dir='ltr'>al</span> <span class='ocrx_word' id='word_1_73' title='bbox 887 629 913 670; x_wconf 86' lang='lat' dir='ltr'>pl.</span> <span class='ocrx_word' id='word_1_74' title='bbox 924 628 946 661; x_wconf 85' lang='lat' dir='ltr'>Ti</span> <span class='ocrx_word' id='word_1_75' title='bbox 955 627 981 662; x_wconf 90' lang='lat' dir='ltr'>W</span> <span class='ocrx_word' id='word_1_76' title='bbox 992 627 1008 660; x_wconf 90' lang='lat' dir='ltr'>H</span> <span class='ocrx_word' id='word_1_77' title='bbox 1075 616 1077 621; x_wconf 60' lang='grc'>’</span> 
     </span>
     <span class='ocr_line' id='line_1_7' title="bbox 113 674 1008 733; baseline -0.002 -11"><span class='ocrx_word' id='word_1_78' title='bbox 113 674 115 684; x_wconf 38' lang='lat'><em>¹</em></span> <span class='ocrx_word' id='word_1_79' title='bbox 125 685 183 722; x_wconf 86' lang='lat' dir='ltr'>edunt</span> <span class='ocrx_word' id='word_1_80' title='bbox 193 699 209 721; x_wconf 82' lang='lat' dir='ltr'>er</span> <span class='ocrx_word' id='word_1_81' title='bbox 222 686 277 731; x_wconf 77' lang='grc' dir='ltr'>ολη...</span> <span class='ocrx_word' id='word_1_82' title='bbox 288 697 331 722; x_wconf 80' lang='lat' dir='ltr'>cuni</span> <span class='ocrx_word' id='word_1_83' title='bbox 340 685 363 726; x_wconf 66' lang='lat' dir='ltr'>n*</span> <span class='ocrx_word' id='word_1_84' title='bbox 371 676 406 723; x_wconf 80' lang='lat' dir='ltr'>BG</span> <span class='ocrx_word' id='word_1_85' title='bbox 419 689 459 723; x_wconf 80' lang='lat'><strong>157.</strong></span> <span class='ocrx_word' id='word_1_86' title='bbox 467 676 501 731; x_wconf 82' lang='lat' dir='ltr'>cdp</span> <span class='ocrx_word' id='word_1_87' title='bbox 511 698 543 730; x_wconf 82' lang='lat' dir='ltr'>syr</span> <span class='ocrx_word' id='word_1_88' title='bbox 549 688 586 731; x_wconf 81' lang='lat' dir='ltr'>(ou,</span> <span class='ocrx_word' id='word_1_89' title='bbox 597 687 632 733; x_wconf 82' lang='lat' dir='ltr'>utr)</span> <span class='ocrx_word' id='word_1_90' title='bbox 646 688 688 723; x_wconf 88' lang='lat' dir='ltr'>aeth</span> <span class='ocrx_word' id='word_1_91' title='bbox 693 697 698 729; x_wconf 85' lang='lat'>;</span> <span class='ocrx_word' id='word_1_92' title='bbox 712 690 730 722; x_wconf 88' lang='lat' dir='ltr'>at</span> <span class='ocrx_word' id='word_1_93' title='bbox 742 686 783 730; x_wconf 73' lang='grc' dir='ltr'>ολην</span> <span class='ocrx_word' id='word_1_94' title='bbox 796 697 826 730; x_wconf 77' lang='grc' dir='ltr'>την</span> <span class='ocrx_word' id='word_1_95' title='bbox 836 688 906 731; x_wconf 77' lang='lat' dir='ltr'>legitur</span> <span class='ocrx_word' id='word_1_96' title='bbox 915 688 935 721; x_wconf 88' lang='lat' dir='ltr'>ln</span> <span class='ocrx_word' id='word_1_97' title='bbox 944 683 1008 725; x_wconf 72' lang='lat' dir='ltr'>anl&#39;l</span> 
     </span>
     <span class='ocr_line' id='line_1_8' title="bbox 126 738 1009 792; baseline -0.002 -11"><span class='ocrx_word' id='word_1_98' title='bbox 126 749 163 782; x_wconf 76' lang='lat' dir='ltr'>llll</span> <span class='ocrx_word' id='word_1_99' title='bbox 171 738 276 782; x_wconf 82' lang='lat' dir='ltr'>suvrlu</span> <span class='ocrx_word' id='word_1_100' title='bbox 284 750 302 782; x_wconf 91' lang='lat' dir='ltr'>al</span> <span class='ocrx_word' id='word_1_101' title='bbox 318 757 362 782; x_wconf 90' lang='lat' dir='ltr'>omn</span> <span class='ocrx_word' id='word_1_102' title='bbox 378 749 418 782; x_wconf 84' lang='lat' dir='ltr'>iere</span> <span class='ocrx_word' id='word_1_103' title='bbox 428 749 442 781; x_wconf 90' lang='lat' dir='ltr'>it</span> <span class='ocrx_word' id='word_1_104' title='bbox 455 757 479 792; x_wconf 79' lang='lat' dir='ltr'>vg</span> <span class='ocrx_word' id='word_1_105' title='bbox 493 749 531 782; x_wconf 77' lang='lat' dir='ltr'>lius</span> <span class='ocrx_word' id='word_1_106' title='bbox 545 749 630 791; x_wconf 83' lang='lat' dir='ltr'>Theoph.</span> <span class='ocrx_word' id='word_1_107' title='bbox 643 748 665 782; x_wconf 89' lang='lat' dir='ltr'>ln</span> <span class='ocrx_word' id='word_1_108' title='bbox 674 757 692 786; x_wconf 78' lang='lat' dir='ltr'>v.</span> <span class='ocrx_word' id='word_1_109' title='bbox 705 748 727 781; x_wconf 75' lang='lat' dir='ltr'>al</span> <span class='ocrx_word' id='word_1_110' title='bbox 738 756 742 780; x_wconf 74' lang='grc' dir='ltr'>ε</span> <span class='ocrx_word' id='word_1_111' title='bbox 754 749 772 782; x_wconf 89' lang='lat' dir='ltr'>et</span> <span class='ocrx_word' id='word_1_112' title='bbox 787 748 857 781; x_wconf 85' lang='lat' dir='ltr'>curavit</span> <span class='ocrx_word' id='word_1_113' title='bbox 869 756 927 780; x_wconf 75' lang='lat' dir='ltr'>claues</span> <span class='ocrx_word' id='word_1_114' title='bbox 938 747 953 780; x_wconf 89' lang='lat' dir='ltr'>D</span> <span class='ocrx_word' id='word_1_115' title='bbox 969 747 1009 779; x_wconf 85' lang='lat' dir='ltr'>ahc</span> 
     </span>
     <span class='ocr_line' id='line_1_9' title="bbox 125 794 1007 850; baseline -0.002 -9"><span class='ocrx_word' id='word_1_116' title='bbox 125 806 147 850; x_wconf 81' lang='lat' dir='ltr'>g¹</span> <span class='ocrx_word' id='word_1_117' title='bbox 159 809 180 848; x_wconf 88' lang='lat' dir='ltr'>h;</span> <span class='ocrx_word' id='word_1_118' title='bbox 190 810 219 841; x_wconf 87' lang='lat' dir='ltr'>sin</span> <span class='ocrx_word' id='word_1_119' title='bbox 229 809 255 841; x_wconf 87' lang='lat' dir='ltr'>ita</span> <span class='ocrx_word' id='word_1_120' title='bbox 265 809 321 842; x_wconf 85' lang='lat' dir='ltr'>babet</span> <span class='ocrx_word' id='word_1_121' title='bbox 332 818 349 841; x_wconf 91' lang='lat' dir='ltr'>v.</span> <span class='ocrx_word' id='word_1_122' title='bbox 361 807 382 842; x_wconf 79' lang='lat' dir='ltr'>at</span> <span class='ocrx_word' id='word_1_123' title='bbox 393 811 412 841; x_wconf 91' lang='lat' dir='ltr'>et</span> <span class='ocrx_word' id='word_1_124' title='bbox 423 808 598 850; x_wconf 76' lang='lat' dir='ltr'>appropinquabant</span> <span class='ocrx_word' id='word_1_125' title='bbox 608 810 626 841; x_wconf 90' lang='lat' dir='ltr'>ei</span> <span class='ocrx_word' id='word_1_126' title='bbox 636 809 690 841; x_wconf 90' lang='lat' dir='ltr'>multi</span> <span class='ocrx_word' id='word_1_127' title='bbox 700 809 777 842; x_wconf 86' lang='lat' dir='ltr'>cruciati</span> <span class='ocrx_word' id='word_1_128' title='bbox 787 808 898 841; x_wconf 86' lang='lat' dir='ltr'>cruciatibus</span> <span class='ocrx_word' id='word_1_129' title='bbox 909 806 978 846; x_wconf 83' lang='lat' dir='ltr'>odiosis</span> <span class='ocrx_word' id='word_1_130' title='bbox 989 794 1007 840; x_wconf 82' lang='lat' dir='ltr'>et</span> 
     </span>
     <span class='ocr_line' id='line_1_10' title="bbox 124 865 988 909; baseline -0.002 -9"><span class='ocrx_word' id='word_1_131' title='bbox 124 867 197 900; x_wconf 79' lang='lat' dir='ltr'>morbis.</span> <span class='ocrx_word' id='word_1_132' title='bbox 204 868 308 908; x_wconf 86' lang='lat' dir='ltr'>desperatis</span> <span class='ocrx_word' id='word_1_133' title='bbox 318 869 336 901; x_wconf 89' lang='lat' dir='ltr'>et</span> <span class='ocrx_word' id='word_1_134' title='bbox 345 875 402 909; x_wconf 88' lang='lat' dir='ltr'>super</span> <span class='ocrx_word' id='word_1_135' title='bbox 412 867 496 909; x_wconf 83' lang='lat' dir='ltr'>quemvis</span> <span class='ocrx_word' id='word_1_136' title='bbox 507 875 571 900; x_wconf 87' lang='lat' dir='ltr'>eorum</span> <span class='ocrx_word' id='word_1_137' title='bbox 581 875 658 900; x_wconf 88' lang='lat' dir='ltr'>manum</span> <span class='ocrx_word' id='word_1_138' title='bbox 668 876 722 900; x_wconf 89' lang='lat' dir='ltr'>suam</span> <span class='ocrx_word' id='word_1_139' title='bbox 731 868 795 909; x_wconf 78' lang='lat' dir='ltr'>posuit</span> <span class='ocrx_word' id='word_1_140' title='bbox 805 868 823 901; x_wconf 91' lang='lat' dir='ltr'>et</span> <span class='ocrx_word' id='word_1_141' title='bbox 833 875 898 901; x_wconf 85' lang='lat' dir='ltr'>omnes</span> <span class='ocrx_word' id='word_1_142' title='bbox 909 865 988 901; x_wconf 86' lang='lat' dir='ltr'>sanavit.</span> 
     </span>
    </p>
   </div>
   <div class='ocr_carea' id='block_1_6' title="bbox 77 964 1069 1891">
    <p class='ocr_par' dir='ltr' id='par_1_6' title="bbox 77 964 1069 1891">
     <span class='ocr_line' id='line_1_11' title="bbox 154 964 1016 1031; baseline -0.001 -15"><span class='ocrx_word' id='word_1_143' title='bbox 154 964 229 1016; x_wconf 90' lang='lat' dir='ltr'>Primo</span> <span class='ocrx_word' id='word_1_144' title='bbox 243 973 294 1016; x_wconf 92' lang='lat' dir='ltr'>loco</span> <span class='ocrx_word' id='word_1_145' title='bbox 309 974 331 1017; x_wconf 78' lang='lat' dir='ltr'>S,</span> <span class='ocrx_word' id='word_1_146' title='bbox 346 971 472 1017; x_wconf 83' lang='lat' dir='ltr'>Matthaeus</span> <span class='ocrx_word' id='word_1_147' title='bbox 489 972 602 1016; x_wconf 84' lang='lat' dir='ltr'>Christum</span> <span class='ocrx_word' id='word_1_148' title='bbox 619 971 728 1016; x_wconf 76' lang='lat' dir='ltr'>describit</span> <span class='ocrx_word' id='word_1_149' title='bbox 745 975 814 1031; x_wconf 89' lang='lat' dir='ltr'>caput</span> <span class='ocrx_word' id='word_1_150' title='bbox 830 973 1016 1031; x_wconf 76' lang='lat' dir='ltr'>prophetarum‚j</span> 
     </span>
     <span class='ocr_line' id='line_1_12' title="bbox 125 1038 1004 1102; baseline -0.003 -14"><span class='ocrx_word' id='word_1_151' title='bbox 125 1043 165 1102; x_wconf 78' lang='lat' dir='ltr'>q&#39;ui</span> <span class='ocrx_word' id='word_1_152' title='bbox 175 1044 322 1096; x_wconf 85' lang='lat' dir='ltr'>annuntiatus</span> <span class='ocrx_word' id='word_1_153' title='bbox 332 1046 365 1087; x_wconf 85' lang='lat' dir='ltr'>est</span> <span class='ocrx_word' id='word_1_154' title='bbox 373 1046 398 1087; x_wconf 90' lang='lat' dir='ltr'>ut</span> <span class='ocrx_word' id='word_1_155' title='bbox 407 1042 446 1087; x_wconf 83' lang='lat' dir='ltr'>tux</span> <span class='ocrx_word' id='word_1_156' title='bbox 454 1043 566 1100; x_wconf 78' lang='lat' dir='ltr'>gentium,</span> <span class='ocrx_word' id='word_1_157' title='bbox 577 1043 641 1088; x_wconf 90' lang='lat' dir='ltr'>euius</span> <span class='ocrx_word' id='word_1_158' title='bbox 648 1042 723 1099; x_wconf 79' lang='lat' dir='ltr'>legem</span> <span class='ocrx_word' id='word_1_159' title='bbox 733 1042 824 1087; x_wconf 87' lang='lat' dir='ltr'>insulae</span> <span class='ocrx_word' id='word_1_160' title='bbox 832 1038 1004 1102; x_wconf 67' lang='lat' dir='ltr'>exspectentlls.</span> 
     </span>
     <span class='ocr_line' id='line_1_13' title="bbox 85 1104 1069 1175; baseline -0.003 -16"><span class='ocrx_word' id='word_1_161' title='bbox 85 1155 86 1158; x_wconf 72' lang='grc'>,</span> <span class='ocrx_word' id='word_1_162' title='bbox 110 1104 185 1169; x_wconf 54' lang='lat' dir='ltr'>thir.</span> <span class='ocrx_word' id='word_1_163' title='bbox 199 1120 223 1169; x_wconf 77' lang='lat'>63</span> <span class='ocrx_word' id='word_1_164' title='bbox 240 1114 302 1175; x_wconf 60' lang='lat' dir='ltr'>tho)</span> <span class='ocrx_word' id='word_1_165' title='bbox 313 1114 353 1174; x_wconf 84' lang='lat' dir='ltr'>qui</span> <span class='ocrx_word' id='word_1_166' title='bbox 366 1114 394 1159; x_wconf 91' lang='lat' dir='ltr'>sit</span> <span class='ocrx_word' id='word_1_167' title='bbox 405 1115 450 1159; x_wconf 81' lang='lat' dir='ltr'>dux</span> <span class='ocrx_word' id='word_1_168' title='bbox 465 1118 487 1159; x_wconf 90' lang='lat' dir='ltr'>et</span> <span class='ocrx_word' id='word_1_169' title='bbox 498 1118 636 1175; x_wconf 87' lang='lat' dir='ltr'>praeceptor</span> <span class='ocrx_word' id='word_1_170' title='bbox 649 1114 760 1172; x_wconf 76' lang='lat' dir='ltr'>gentibus</span> <span class='ocrx_word' id='word_1_171' title='bbox 774 1114 810 1174; x_wconf 77' lang='lat' dir='ltr'>(ls,</span> <span class='ocrx_word' id='word_1_172' title='bbox 823 1115 893 1174; x_wconf 61' lang='lat' dir='ltr'>bled).</span> <span class='ocrx_word' id='word_1_173' title='bbox 910 1116 937 1158; x_wconf 84' lang='lat' dir='ltr'>Et</span> <span class='ocrx_word' id='word_1_174' title='bbox 949 1113 1007 1158; x_wconf 88' lang='lat' dir='ltr'>sicut</span> <span class='ocrx_word' id='word_1_175' title='bbox 1068 1161 1069 1164; x_wconf 11' lang='grc' dir='ltr'><strong>Ἴ</strong></span> 
     </span>
     <span class='ocr_line' id='line_1_14' title="bbox 124 1185 1006 1246; baseline -0.002 -16"><span class='ocrx_word' id='word_1_176' title='bbox 124 1187 236 1246; x_wconf 85' lang='lat' dir='ltr'>propheta</span> <span class='ocrx_word' id='word_1_177' title='bbox 246 1201 311 1231; x_wconf 86' lang='lat' dir='ltr'>suam</span> <span class='ocrx_word' id='word_1_178' title='bbox 324 1201 338 1230; x_wconf 88' lang='lat' dir='ltr'>a</span> <span class='ocrx_word' id='word_1_179' title='bbox 352 1190 396 1230; x_wconf 87' lang='lat' dir='ltr'>Deo</span> <span class='ocrx_word' id='word_1_180' title='bbox 411 1186 552 1244; x_wconf 75' lang='lat' dir='ltr'>legationem</span> <span class='ocrx_word' id='word_1_181' title='bbox 563 1189 585 1230; x_wconf 91' lang='lat' dir='ltr'>et</span> <span class='ocrx_word' id='word_1_182' title='bbox 600 1186 733 1230; x_wconf 89' lang='lat' dir='ltr'>missionem</span> <span class='ocrx_word' id='word_1_183' title='bbox 741 1186 802 1230; x_wconf 80' lang='lat' dir='ltr'>veris</span> <span class='ocrx_word' id='word_1_184' title='bbox 815 1186 922 1246; x_wconf 77' lang='lat' dir='ltr'>probarit</span> <span class='ocrx_word' id='word_1_185' title='bbox 935 1185 1006 1229; x_wconf 90' lang='lat' dir='ltr'>mira-</span> 
     </span>
     <span class='ocr_line' id='line_1_15' title="bbox 125 1256 1039 1317; baseline -0.001 -16"><span class='ocrx_word' id='word_1_186' title='bbox 125 1257 193 1311; x_wconf 85' lang='lat' dir='ltr'>culis,</span> <span class='ocrx_word' id='word_1_187' title='bbox 214 1259 247 1302; x_wconf 90' lang='lat' dir='ltr'>ita</span> <span class='ocrx_word' id='word_1_188' title='bbox 263 1256 375 1311; x_wconf 84' lang='lat' dir='ltr'>Christus,</span> <span class='ocrx_word' id='word_1_189' title='bbox 397 1261 466 1317; x_wconf 87' lang='lat' dir='ltr'>eaput</span> <span class='ocrx_word' id='word_1_190' title='bbox 482 1258 661 1317; x_wconf 84' lang='lat' dir='ltr'>prophetarum,</span> <span class='ocrx_word' id='word_1_191' title='bbox 679 1260 755 1302; x_wconf 86' lang='lat' dir='ltr'>totae</span> <span class='ocrx_word' id='word_1_192' title='bbox 775 1261 839 1301; x_wconf 87' lang='lat' dir='ltr'>tanta</span> <span class='ocrx_word' id='word_1_193' title='bbox 856 1257 957 1316; x_wconf 87' lang='lat' dir='ltr'>patravit</span> <span class='ocrx_word' id='word_1_194' title='bbox 976 1256 1006 1300; x_wconf 83' lang='lat' dir='ltr'>ad</span> <span class='ocrx_word' id='word_1_195' title='bbox 1036 1261 1039 1269; x_wconf 73' lang='lat'><em>&#39;</em></span> 
     </span>
     <span class='ocr_line' id='line_1_16' title="bbox 125 1328 1004 1388; baseline 0.001 -17"><span class='ocrx_word' id='word_1_196' title='bbox 125 1329 322 1373; x_wconf 88' lang='lat' dir='ltr'>confirmationem</span> <span class='ocrx_word' id='word_1_197' title='bbox 332 1343 386 1373; x_wconf 87' lang='lat' dir='ltr'>suae</span> <span class='ocrx_word' id='word_1_198' title='bbox 395 1329 508 1373; x_wconf 84' lang='lat' dir='ltr'>missionis</span> <span class='ocrx_word' id='word_1_199' title='bbox 515 1344 540 1373; x_wconf 89' lang='lat' dir='ltr'>ac</span> <span class='ocrx_word' id='word_1_200' title='bbox 548 1328 674 1383; x_wconf 81' lang='lat' dir='ltr'>doctrinae,</span> <span class='ocrx_word' id='word_1_201' title='bbox 687 1331 742 1388; x_wconf 88' lang='lat' dir='ltr'>quot</span> <span class='ocrx_word' id='word_1_202' title='bbox 751 1328 829 1373; x_wconf 91' lang='lat' dir='ltr'>nullus</span> <span class='ocrx_word' id='word_1_203' title='bbox 839 1328 896 1373; x_wconf 91' lang='lat' dir='ltr'>alius</span> <span class='ocrx_word' id='word_1_204' title='bbox 904 1328 1004 1388; x_wconf 87' lang='lat' dir='ltr'>prophe-</span> 
     </span>
     <span class='ocr_line' id='line_1_17' title="bbox 77 1400 1005 1458; baseline -0.002 -14"><span class='ocrx_word' id='word_1_205' title='bbox 77 1407 79 1409; x_wconf 83' lang='lat'>&#39;</span> <span class='ocrx_word' id='word_1_206' title='bbox 124 1406 206 1444; x_wconf 84' lang='lat' dir='ltr'>tarum.</span> <span class='ocrx_word' id='word_1_207' title='bbox 227 1402 343 1457; x_wconf 79' lang='lat' dir='ltr'>Insignem</span> <span class='ocrx_word' id='word_1_208' title='bbox 359 1403 435 1444; x_wconf 86' lang='lat' dir='ltr'>autem</span> <span class='ocrx_word' id='word_1_209' title='bbox 455 1400 628 1444; x_wconf 84' lang='lat' dir='ltr'>multitudinem</span> <span class='ocrx_word' id='word_1_210' title='bbox 644 1400 809 1444; x_wconf 78' lang='lat' dir='ltr'>miraculorum</span> <span class='ocrx_word' id='word_1_211' title='bbox 829 1404 932 1458; x_wconf 91' lang='lat' dir='ltr'>tempore</span> <span class='ocrx_word' id='word_1_212' title='bbox 948 1413 1005 1443; x_wconf 89' lang='lat' dir='ltr'>mes-</span> 
     </span>
     <span class='ocr_line' id='line_1_18' title="bbox 123 1470 1004 1530; baseline -0.001 -15"><span class='ocrx_word' id='word_1_213' title='bbox 123 1471 187 1515; x_wconf 87' lang='lat' dir='ltr'>siano</span> <span class='ocrx_word' id='word_1_214' title='bbox 199 1471 304 1522; x_wconf 81' lang='lat' dir='ltr'>fore-iam</span> <span class='ocrx_word' id='word_1_215' title='bbox 316 1471 383 1521; x_wconf 82' lang='lat' dir='ltr'>lsaias</span> <span class='ocrx_word' id='word_1_216' title='bbox 397 1485 489 1529; x_wconf 88' lang='lat' dir='ltr'>quoque</span> <span class='ocrx_word' id='word_1_217' title='bbox 503 1471 558 1516; x_wconf 87' lang='lat' dir='ltr'>satis</span> <span class='ocrx_word' id='word_1_218' title='bbox 568 1471 682 1515; x_wconf 88' lang='lat' dir='ltr'>indicarat</span> <span class='ocrx_word' id='word_1_219' title='bbox 696 1474 756 1526; x_wconf 83' lang='lat'>35,5.</span> <span class='ocrx_word' id='word_1_220' title='bbox 770 1475 791 1515; x_wconf 89' lang='grc'>6,</span> <span class='ocrx_word' id='word_1_221' title='bbox 806 1474 877 1522; x_wconf 79' lang='lat' dir='ltr'>Quam</span> <span class='ocrx_word' id='word_1_222' title='bbox 889 1470 1004 1530; x_wconf 79' lang='lat' dir='ltr'>aptissime</span> 
     </span>
     <span class='ocr_line' id='line_1_19' title="bbox 121 1536 1004 1602; baseline 0 -16"><span class='ocrx_word' id='word_1_223' title='bbox 121 1542 193 1600; x_wconf 78' lang='lat' dir='ltr'>igitur</span> <span class='ocrx_word' id='word_1_224' title='bbox 208 1543 333 1586; x_wconf 79' lang='lat' dir='ltr'>Matthaeus</span> <span class='ocrx_word' id='word_1_225' title='bbox 342 1541 500 1586; x_wconf 86' lang='lat' dir='ltr'>narrationem</span> <span class='ocrx_word' id='word_1_226' title='bbox 513 1557 578 1586; x_wconf 90' lang='lat' dir='ltr'>suam</span> <span class='ocrx_word' id='word_1_227' title='bbox 594 1542 676 1601; x_wconf 82' lang='lat' dir='ltr'>incipit</span> <span class='ocrx_word' id='word_1_228' title='bbox 692 1557 705 1586; x_wconf 86' lang='lat' dir='ltr'>a</span> <span class='ocrx_word' id='word_1_229' title='bbox 722 1536 810 1586; x_wconf 87' lang='lat' dir='ltr'>Christo</span> <span class='ocrx_word' id='word_1_230' title='bbox 823 1542 971 1602; x_wconf 82' lang='lat' dir='ltr'>praedicante</span> <span class='ocrx_word' id='word_1_231' title='bbox 983 1545 1004 1586; x_wconf 90' lang='lat' dir='ltr'>et</span> 
     </span>
     <span class='ocr_line' id='line_1_20' title="bbox 122 1612 1003 1673; baseline 0.001 -16"><span class='ocrx_word' id='word_1_232' title='bbox 122 1613 250 1657; x_wconf 86' lang='lat' dir='ltr'>doctrinam</span> <span class='ocrx_word' id='word_1_233' title='bbox 257 1612 375 1661; x_wconf 77' lang='lat' dir='ltr'>miraculis</span> <span class='ocrx_word' id='word_1_234' title='bbox 381 1613 538 1661; x_wconf 83' lang='lat' dir='ltr'>confirmante.</span> <span class='ocrx_word' id='word_1_235' title='bbox 547 1616 580 1657; x_wconf 88' lang='lat' dir='ltr'>lta</span> <span class='ocrx_word' id='word_1_236' title='bbox 587 1614 649 1658; x_wconf 89' lang='lat' dir='ltr'>enim</span> <span class='ocrx_word' id='word_1_237' title='bbox 657 1617 733 1658; x_wconf 89' lang='lat' dir='ltr'>lesum</span> <span class='ocrx_word' id='word_1_238' title='bbox 742 1628 789 1658; x_wconf 88' lang='lat' dir='ltr'>esse</span> <span class='ocrx_word' id='word_1_239' title='bbox 798 1614 900 1659; x_wconf 84' lang='lat' dir='ltr'>tlessiam</span> <span class='ocrx_word' id='word_1_240' title='bbox 907 1614 1003 1673; x_wconf 89' lang='lat' dir='ltr'>promis-</span> 
     </span>
     <span class='ocr_line' id='line_1_21' title="bbox 122 1685 1002 1744; baseline 0 -15"><span class='ocrx_word' id='word_1_241' title='bbox 122 1699 172 1730; x_wconf 88' lang='lat' dir='ltr'>sum</span> <span class='ocrx_word' id='word_1_242' title='bbox 182 1685 249 1729; x_wconf 89' lang='lat' dir='ltr'>docet</span> <span class='ocrx_word' id='word_1_243' title='bbox 259 1689 281 1729; x_wconf 88' lang='lat' dir='ltr'>et</span> <span class='ocrx_word' id='word_1_244' title='bbox 291 1685 433 1729; x_wconf 88' lang='lat' dir='ltr'>demonstrat</span> <span class='ocrx_word' id='word_1_245' title='bbox 443 1687 511 1744; x_wconf 85' lang='lat' dir='ltr'>atque</span> <span class='ocrx_word' id='word_1_246' title='bbox 520 1685 589 1729; x_wconf 91' lang='lat' dir='ltr'>simul</span> <span class='ocrx_word' id='word_1_247' title='bbox 598 1685 716 1729; x_wconf 90' lang='lat' dir='ltr'>doctorem</span> <span class='ocrx_word' id='word_1_248' title='bbox 725 1685 856 1730; x_wconf 84' lang='lat' dir='ltr'>describens</span> <span class='ocrx_word' id='word_1_249' title='bbox 866 1689 945 1744; x_wconf 88' lang='lat' dir='ltr'>aperte</span> <span class='ocrx_word' id='word_1_250' title='bbox 956 1699 1002 1729; x_wconf 89' lang='lat' dir='ltr'>mo·</span> 
     </span>
     <span class='ocr_line' id='line_1_22' title="bbox 122 1755 1003 1815; baseline 0 -15"><span class='ocrx_word' id='word_1_251' title='bbox 122 1760 160 1800; x_wconf 86' lang='lat' dir='ltr'>net</span> <span class='ocrx_word' id='word_1_252' title='bbox 169 1756 270 1800; x_wconf 86' lang='lat' dir='ltr'>indolem</span> <span class='ocrx_word' id='word_1_253' title='bbox 284 1755 351 1812; x_wconf 77' lang='lat' dir='ltr'>regni</span> <span class='ocrx_word' id='word_1_254' title='bbox 361 1756 468 1800; x_wconf 87' lang='lat' dir='ltr'>messiani</span> <span class='ocrx_word' id='word_1_255' title='bbox 477 1760 525 1799; x_wconf 88' lang='lat' dir='ltr'>esse</span> <span class='ocrx_word' id='word_1_256' title='bbox 534 1757 686 1815; x_wconf 82' lang='lat' dir='ltr'>spiritualem,</span> <span class='ocrx_word' id='word_1_257' title='bbox 699 1756 732 1800; x_wconf 91' lang='lat' dir='ltr'>rei</span> <span class='ocrx_word' id='word_1_258' title='bbox 740 1757 808 1800; x_wconf 88' lang='lat' dir='ltr'>totius</span> <span class='ocrx_word' id='word_1_259' title='bbox 817 1756 935 1801; x_wconf 83' lang='lat' dir='ltr'>cardinem</span> <span class='ocrx_word' id='word_1_260' title='bbox 943 1757 1003 1801; x_wconf 86' lang='lat' dir='ltr'>verti</span> 
     </span>
     <span class='ocr_line' id='line_1_23' title="bbox 121 1826 1003 1891; baseline 0.002 -20"><span class='ocrx_word' id='word_1_261' title='bbox 121 1827 146 1871; x_wconf 90' lang='lat' dir='ltr'>in</span> <span class='ocrx_word' id='word_1_262' title='bbox 161 1842 251 1871; x_wconf 88' lang='lat' dir='ltr'>morum</span> <span class='ocrx_word' id='word_1_263' title='bbox 266 1826 436 1882; x_wconf 84' lang='lat' dir='ltr'>emendatione,</span> <span class='ocrx_word' id='word_1_264' title='bbox 448 1826 589 1891; x_wconf 83' lang='lat' dir='ltr'>revocandos</span> <span class='ocrx_word' id='word_1_265' title='bbox 602 1842 649 1871; x_wconf 90' lang='lat' dir='ltr'>esse</span> <span class='ocrx_word' id='word_1_266' title='bbox 663 1827 753 1872; x_wconf 87' lang='lat' dir='ltr'>animos</span> <span class='ocrx_word' id='word_1_267' title='bbox 766 1842 779 1871; x_wconf 88' lang='lat' dir='ltr'>a</span> <span class='ocrx_word' id='word_1_268' title='bbox 790 1842 848 1872; x_wconf 64' lang='lat' dir='ltr'>tiana</span> <span class='ocrx_word' id='word_1_269' title='bbox 862 1828 1003 1887; x_wconf 29' lang='lat' dir='ltr'>regni-tcm-</span> 
     </span>
    </p>
   </div>
   <div class='ocr_carea' id='block_1_7' title="bbox 122 1887 393 1957">
    <p class='ocr_par' dir='ltr' id='par_1_7' title="bbox 122 1887 393 1957">
     <span class='ocr_line' id='line_1_24' title="bbox 122 1887 393 1957; baseline -0.004 -15"><span class='ocrx_word' id='word_1_270' title='bbox 122 1898 204 1957; x_wconf 85' lang='lat' dir='ltr'>poralis</span> <span class='ocrx_word' id='word_1_271' title='bbox 218 1887 393 1957; x_wconf 77' lang='lat' dir='ltr'>exspectatione.</span> 
     </span>
    </p>
   </div>
   <div class='ocr_carea' id='block_1_8' title="bbox 81 2047 1058 3104">
    <p class='ocr_par' dir='ltr' id='par_1_8' title="bbox 108 2047 1001 2248">
     <span class='ocr_line' id='line_1_25' title="bbox 108 2047 997 2109; baseline 0.003 -18"><span class='ocrx_word' id='word_1_272' title='bbox 108 2076 109 2080; x_wconf 62' lang='lat'><em>=</em></span> <span class='ocrx_word' id='word_1_273' title='bbox 149 2047 316 2106; x_wconf 86' lang='lat' dir='ltr'>Discipulorum</span> <span class='ocrx_word' id='word_1_274' title='bbox 329 2047 448 2091; x_wconf 89' lang='lat' dir='ltr'>vocatione</span> <span class='ocrx_word' id='word_1_275' title='bbox 459 2047 597 2091; x_wconf 84' lang='lat' dir='ltr'>adumbrata</span> <span class='ocrx_word' id='word_1_276' title='bbox 610 2048 711 2092; x_wconf 86' lang='lat' dir='ltr'>Christus</span> <span class='ocrx_word' id='word_1_277' title='bbox 724 2062 764 2092; x_wconf 92' lang='lat' dir='ltr'>suo</span> <span class='ocrx_word' id='word_1_278' title='bbox 775 2047 875 2092; x_wconf 85' lang='lat' dir='ltr'>ostendit</span> <span class='ocrx_word' id='word_1_279' title='bbox 886 2050 997 2109; x_wconf 76' lang='lat' dir='ltr'>exemplo,</span> 
     </span>
     <span class='ocr_line' id='line_1_26' title="bbox 120 2117 1001 2178; baseline 0.001 -14"><span class='ocrx_word' id='word_1_280' title='bbox 120 2118 236 2178; x_wconf 80' lang='lat' dir='ltr'>quomodo</span> <span class='ocrx_word' id='word_1_281' title='bbox 246 2117 512 2178; x_wconf 82' lang='lat' dir='ltr'>bominumpiscatorem</span> <span class='ocrx_word' id='word_1_282' title='bbox 526 2132 573 2162; x_wconf 90' lang='lat' dir='ltr'>esse</span> <span class='ocrx_word' id='word_1_283' title='bbox 584 2120 696 2177; x_wconf 87' lang='lat' dir='ltr'>oporteat.</span> <span class='ocrx_word' id='word_1_284' title='bbox 708 2117 744 2162; x_wconf 71' lang='lat' dir='ltr'>&#39;Uti</span> <span class='ocrx_word' id='word_1_285' title='bbox 757 2118 819 2177; x_wconf 85' lang='lat' dir='ltr'>apud</span> <span class='ocrx_word' id='word_1_286' title='bbox 831 2133 897 2176; x_wconf 74' lang='lat' dir='ltr'>reges</span> <span class='ocrx_word' id='word_1_287' title='bbox 907 2135 1001 2165; x_wconf 88' lang='lat' dir='ltr'>consue-</span> 
     </span>
     <span class='ocr_line' id='line_1_27' title="bbox 119 2183 1000 2248; baseline 0.001 -14"><span class='ocrx_word' id='word_1_288' title='bbox 119 2191 173 2234; x_wconf 85' lang='lat' dir='ltr'>tudo</span> <span class='ocrx_word' id='word_1_289' title='bbox 184 2193 216 2233; x_wconf 89' lang='lat' dir='ltr'>est</span> <span class='ocrx_word' id='word_1_290' title='bbox 226 2188 355 2248; x_wconf 87' lang='lat' dir='ltr'>prodeundi</span> <span class='ocrx_word' id='word_1_291' title='bbox 368 2183 399 2232; x_wconf 81' lang='lat' dir='ltr'>ah</span> <span class='ocrx_word' id='word_1_292' title='bbox 413 2189 502 2233; x_wconf 86' lang='lat' dir='ltr'>bellurn</span> <span class='ocrx_word' id='word_1_293' title='bbox 518 2192 659 2246; x_wconf 77' lang='lat' dir='ltr'>congregato</span> <span class='ocrx_word' id='word_1_294' title='bbox 674 2190 781 2246; x_wconf 83' lang='lat' dir='ltr'>exercitu,</span> <span class='ocrx_word' id='word_1_295' title='bbox 799 2190 832 2233; x_wconf 89' lang='lat' dir='ltr'>ita</span> <span class='ocrx_word' id='word_1_296' title='bbox 841 2191 950 2242; x_wconf 71' lang='lat' dir='ltr'>Christus</span> <span class='ocrx_word' id='word_1_297' title='bbox 960 2207 1000 2235; x_wconf 94' lang='lat' dir='ltr'>vo-</span> 
     </span>
    </p>

    <p class='ocr_par' dir='ltr' id='par_1_9' title="bbox 81 2259 1058 3033">
     <span class='ocr_line' id='line_1_28' title="bbox 81 2259 999 2322; baseline 0.001 -17"><span class='ocrx_word' id='word_1_298' title='bbox 81 2317 82 2322; x_wconf 14' lang='lat'><em>*</em></span> <span class='ocrx_word' id='word_1_299' title='bbox 119 2262 174 2305; x_wconf 88' lang='lat' dir='ltr'>catis</span> <span class='ocrx_word' id='word_1_300' title='bbox 184 2259 301 2319; x_wconf 86' lang='lat' dir='ltr'>discipulis</span> <span class='ocrx_word' id='word_1_301' title='bbox 312 2260 416 2319; x_wconf 89' lang='lat' dir='ltr'>procedit</span> <span class='ocrx_word' id='word_1_302' title='bbox 426 2261 454 2304; x_wconf 89' lang='lat' dir='ltr'>ad</span> <span class='ocrx_word' id='word_1_303' title='bbox 464 2261 617 2320; x_wconf 77' lang='lat' dir='ltr'>pugnandum</span> <span class='ocrx_word' id='word_1_304' title='bbox 629 2263 708 2305; x_wconf 88' lang='lat' dir='ltr'>contra</span> <span class='ocrx_word' id='word_1_305' title='bbox 720 2261 838 2322; x_wconf 83' lang='lat' dir='ltr'>diabolum</span> <span class='ocrx_word' id='word_1_306' title='bbox 847 2277 889 2321; x_wconf 89' lang='lat' dir='ltr'>per</span> <span class='ocrx_word' id='word_1_307' title='bbox 898 2262 999 2308; x_wconf 77' lang='lat' dir='ltr'>offitium</span> 
     </span>
     <span class='ocr_line' id='line_1_29' title="bbox 118 2330 999 2393; baseline 0.002 -17"><span class='ocrx_word' id='word_1_308' title='bbox 118 2331 293 2392; x_wconf 86' lang='lat' dir='ltr'>praedicationis</span> <span class='ocrx_word' id='word_1_309' title='bbox 311 2330 355 2390; x_wconf 86' lang='lat' dir='ltr'>(op.</span> <span class='ocrx_word' id='word_1_310' title='bbox 376 2331 431 2390; x_wconf 81' lang='lat' dir='ltr'>imp.</span> <span class='ocrx_word' id='word_1_311' title='bbox 445 2331 533 2390; x_wconf 73' lang='lat' dir='ltr'>Thone.)</span> <span class='ocrx_word' id='word_1_312' title='bbox 552 2331 687 2384; x_wconf 78' lang='lat' dir='ltr'>:circuibat</span> <span class='ocrx_word' id='word_1_313' title='bbox 707 2340 777 2377; x_wconf 81' lang='lat' dir='ltr'>totam</span> <span class='ocrx_word' id='word_1_314' title='bbox 794 2333 930 2390; x_wconf 75' lang='lat' dir='ltr'>Gatr‘leeom,</span> <span class='ocrx_word' id='word_1_315' title='bbox 948 2335 999 2393; x_wconf 89' lang='lat' dir='ltr'>qui-</span> 
     </span>
     <span class='ocr_line' id='line_1_30' title="bbox 117 2402 999 2456; baseline 0.003 -9"><span class='ocrx_word' id='word_1_316' title='bbox 117 2405 160 2447; x_wconf 93' lang='lat' dir='ltr'>bus</span> <span class='ocrx_word' id='word_1_317' title='bbox 171 2403 247 2447; x_wconf 85' lang='lat' dir='ltr'>verbis</span> <span class='ocrx_word' id='word_1_318' title='bbox 257 2403 303 2446; x_wconf 87' lang='lat' dir='ltr'>iam</span> <span class='ocrx_word' id='word_1_319' title='bbox 314 2403 412 2446; x_wconf 80' lang='lat' dir='ltr'>maxima</span> <span class='ocrx_word' id='word_1_320' title='bbox 419 2402 467 2446; x_wconf 86' lang='lat' dir='ltr'>eius</span> <span class='ocrx_word' id='word_1_321' title='bbox 477 2402 608 2446; x_wconf 89' lang='lat' dir='ltr'>sollicitudo</span> <span class='ocrx_word' id='word_1_322' title='bbox 616 2403 761 2456; x_wconf 76' lang='lat' dir='ltr'>describitur,</span> <span class='ocrx_word' id='word_1_323' title='bbox 772 2407 798 2448; x_wconf 90' lang='lat' dir='ltr'>ut</span> <span class='ocrx_word' id='word_1_324' title='bbox 807 2404 831 2447; x_wconf 88' lang='lat' dir='ltr'>S.</span> <span class='ocrx_word' id='word_1_325' title='bbox 846 2404 924 2448; x_wconf 81' lang='lat' dir='ltr'>Thera.</span> <span class='ocrx_word' id='word_1_326' title='bbox 936 2408 999 2450; x_wconf 88' lang='lat' dir='ltr'>notat</span> 
     </span>
     <span class='ocr_line' id='line_1_31' title="bbox 119 2473 999 2535; baseline 0.007 -21"><span class='ocrx_word' id='word_1_327' title='bbox 119 2492 130 2515; x_wconf 64' lang='grc' dir='ltr'>(ο</span> <span class='ocrx_word' id='word_1_328' title='bbox 148 2474 202 2532; x_wconf 87' lang='lat' dir='ltr'>quia</span> <span class='ocrx_word' id='word_1_329' title='bbox 212 2488 260 2516; x_wconf 88' lang='lat' dir='ltr'>non</span> <span class='ocrx_word' id='word_1_330' title='bbox 270 2473 395 2530; x_wconf 86' lang='lat' dir='ltr'>quaerebat</span> <span class='ocrx_word' id='word_1_331' title='bbox 405 2474 525 2532; x_wconf 86' lang='lat' dir='ltr'>propriam</span> <span class='ocrx_word' id='word_1_332' title='bbox 539 2473 639 2531; x_wconf 88' lang='lat' dir='ltr'>quietem</span> <span class='ocrx_word' id='word_1_333' title='bbox 650 2477 672 2517; x_wconf 90' lang='lat' dir='ltr'>et</span> <span class='ocrx_word' id='word_1_334' title='bbox 685 2474 795 2532; x_wconf 81' lang='lat' dir='ltr'>quianon</span> <span class='ocrx_word' id='word_1_335' title='bbox 806 2478 854 2519; x_wconf 89' lang='lat' dir='ltr'>erat</span> <span class='ocrx_word' id='word_1_336' title='bbox 867 2478 999 2535; x_wconf 86' lang='lat' dir='ltr'>acceptator</span> 
     </span>
     <span class='ocr_line' id='line_1_32' title="bbox 117 2543 997 2605; baseline -0.001 -16"><span class='ocrx_word' id='word_1_337' title='bbox 117 2558 274 2605; x_wconf 76' lang='lat' dir='ltr'>personarum,</span> <span class='ocrx_word' id='word_1_338' title='bbox 285 2545 399 2587; x_wconf 85' lang='lat' dir='ltr'>terrarum</span> <span class='ocrx_word' id='word_1_339' title='bbox 412 2543 448 2587; x_wconf 85' lang='lat' dir='ltr'>vel</span> <span class='ocrx_word' id='word_1_340' title='bbox 458 2543 573 2598; x_wconf 80' lang='lat' dir='ltr'>villarum,</span> <span class='ocrx_word' id='word_1_341' title='bbox 585 2544 625 2588; x_wconf 91' lang='lat' dir='ltr'>sed</span> <span class='ocrx_word' id='word_1_342' title='bbox 636 2544 748 2588; x_wconf 79' lang='lat' dir='ltr'>circuibat</span> <span class='ocrx_word' id='word_1_343' title='bbox 759 2553 829 2590; x_wconf 80' lang='lat' dir='ltr'>totam</span> <span class='ocrx_word' id='word_1_344' title='bbox 837 2546 962 2591; x_wconf 85' lang='lat' dir='ltr'>Galilaeam</span> <span class='ocrx_word' id='word_1_345' title='bbox 977 2566 997 2603; x_wconf 75' lang='lat' dir='ltr'>a,</span> 
     </span>
     <span class='ocr_line' id='line_1_33' title="bbox 117 2615 998 2676; baseline 0.001 -14"><span class='ocrx_word' id='word_1_346' title='bbox 117 2618 199 2662; x_wconf 78' lang='lat' dir='ltr'>(locens</span> <span class='ocrx_word' id='word_1_347' title='bbox 212 2616 237 2661; x_wconf 78' lang='lat' dir='ltr'>in</span> <span class='ocrx_word' id='word_1_348' title='bbox 250 2615 377 2675; x_wconf 71' lang='lat' dir='ltr'>spitupopis</span> <span class='ocrx_word' id='word_1_349' title='bbox 392 2630 469 2660; x_wconf 79' lang='lat' dir='ltr'>corum</span> <span class='ocrx_word' id='word_1_350' title='bbox 482 2616 497 2659; x_wconf 89' lang='lat' dir='ltr'>i.</span> <span class='ocrx_word' id='word_1_351' title='bbox 513 2631 533 2660; x_wconf 88' lang='lat' dir='ltr'>e.</span> <span class='ocrx_word' id='word_1_352' title='bbox 549 2616 634 2675; x_wconf 83' lang='lat' dir='ltr'>palam,</span> <span class='ocrx_word' id='word_1_353' title='bbox 650 2616 674 2660; x_wconf 89' lang='lat' dir='ltr'>in</span> <span class='ocrx_word' id='word_1_354' title='bbox 688 2617 739 2661; x_wconf 91' lang='lat' dir='ltr'>loco</span> <span class='ocrx_word' id='word_1_355' title='bbox 751 2617 881 2676; x_wconf 82' lang='lat' dir='ltr'>publicone</span> <span class='ocrx_word' id='word_1_356' title='bbox 893 2619 998 2663; x_wconf 86' lang='lat' dir='ltr'>sollemni</span> 
     </span>
     <span class='ocr_line' id='line_1_34' title="bbox 111 2686 1016 2754; baseline 0.001 -20"><span class='ocrx_word' id='word_1_357' title='bbox 111 2689 194 2754; x_wconf 64' lang='lat' dir='ltr'>(aaa.</span> <span class='ocrx_word' id='word_1_358' title='bbox 209 2688 279 2749; x_wconf 67' lang='lat' dir='ltr'>Atat</span> <span class='ocrx_word' id='word_1_359' title='bbox 295 2691 346 2733; x_wconf 89' lang='lat' dir='ltr'>Post</span> <span class='ocrx_word' id='word_1_360' title='bbox 359 2686 464 2733; x_wconf 81' lang='lat' dir='ltr'>exsilium</span> <span class='ocrx_word' id='word_1_361' title='bbox 473 2700 610 2746; x_wconf 73' lang='lat' dir='ltr'>&#39;synagogae</span> <span class='ocrx_word' id='word_1_362' title='bbox 620 2689 750 2747; x_wconf 81' lang='lat' dir='ltr'>frequentes</span> <span class='ocrx_word' id='word_1_363' title='bbox 762 2692 838 2743; x_wconf 79' lang='lat' dir='ltr'>erant3</span> <span class='ocrx_word' id='word_1_364' title='bbox 849 2686 998 2750; x_wconf 66' lang='lat' dir='ltr'>unumquod-</span> <span class='ocrx_word' id='word_1_365' title='bbox 1015 2687 1016 2690; x_wconf 57' lang='grc'>’</span> 
     </span>
     <span class='ocr_line' id='line_1_35' title="bbox 114 2756 1000 2821; baseline -0.008 -15"><span class='ocrx_word' id='word_1_366' title='bbox 114 2775 157 2821; x_wconf 82' lang='lat' dir='ltr'>que</span> <span class='ocrx_word' id='word_1_367' title='bbox 175 2759 286 2819; x_wconf 87' lang='lat' dir='ltr'>oppidum</span> <span class='ocrx_word' id='word_1_368' title='bbox 300 2758 438 2803; x_wconf 86' lang='lat' dir='ltr'>Palaestinae</span> <span class='ocrx_word' id='word_1_369' title='bbox 456 2761 559 2817; x_wconf 88' lang='lat' dir='ltr'>tempore</span> <span class='ocrx_word' id='word_1_370' title='bbox 574 2757 659 2800; x_wconf 85' lang='lat' dir='ltr'>Christi</span> <span class='ocrx_word' id='word_1_371' title='bbox 674 2770 817 2815; x_wconf 73' lang='lat' dir='ltr'>synagogam</span> <span class='ocrx_word' id='word_1_372' title='bbox 833 2756 938 2801; x_wconf 89' lang='lat' dir='ltr'>habuisse</span> <span class='ocrx_word' id='word_1_373' title='bbox 952 2771 1000 2801; x_wconf 86' lang='lat' dir='ltr'>cer-</span> 
     </span>
     <span class='ocr_line' id='line_1_36' title="bbox 113 2822 1058 2891; baseline -0.01 -12"><span class='ocrx_word' id='word_1_374' title='bbox 113 2836 162 2880; x_wconf 86' lang='lat' dir='ltr'>tum</span> <span class='ocrx_word' id='word_1_375' title='bbox 174 2831 273 2884; x_wconf 65' lang='lat' dir='ltr'>videtum</span> <span class='ocrx_word' id='word_1_376' title='bbox 284 2830 309 2875; x_wconf 88' lang='lat' dir='ltr'>in</span> <span class='ocrx_word' id='word_1_377' title='bbox 322 2829 447 2876; x_wconf 85' lang='lat' dir='ltr'>maioribus</span> <span class='ocrx_word' id='word_1_378' title='bbox 456 2828 552 2874; x_wconf 88' lang='lat' dir='ltr'>urbibus</span> <span class='ocrx_word' id='word_1_379' title='bbox 563 2827 640 2887; x_wconf 86' lang='lat' dir='ltr'>plures</span> <span class='ocrx_word' id='word_1_380' title='bbox 654 2842 745 2888; x_wconf 81' lang='lat' dir='ltr'>quoque</span> <span class='ocrx_word' id='word_1_381' title='bbox 757 2829 822 2871; x_wconf 87' lang='lat' dir='ltr'>erant</span> <span class='ocrx_word' id='word_1_382' title='bbox 833 2822 890 2887; x_wconf 82' lang='lat' dir='ltr'>(let.</span> <span class='ocrx_word' id='word_1_383' title='bbox 902 2826 997 2884; x_wconf 63' lang='lat' dir='ltr'>inno),</span> <span class='ocrx_word' id='word_1_384' title='bbox 1056 2876 1058 2891; x_wconf 82' lang='lat'><em>.</em></span> 
     </span>
     <span class='ocr_line' id='line_1_37' title="bbox 116 2900 996 2955; baseline -0.005 -6"><span class='ocrx_word' id='word_1_385' title='bbox 116 2903 186 2950; x_wconf 88' lang='lat' dir='ltr'>immo</span> <span class='ocrx_word' id='word_1_386' title='bbox 196 2904 214 2947; x_wconf 88' lang='lat' dir='ltr'>si</span> <span class='ocrx_word' id='word_1_387' title='bbox 224 2901 361 2946; x_wconf 86' lang='lat' dir='ltr'>talmudistis</span> <span class='ocrx_word' id='word_1_388' title='bbox 372 2904 429 2946; x_wconf 89' lang='lat' dir='ltr'>esset</span> <span class='ocrx_word' id='word_1_389' title='bbox 440 2900 496 2946; x_wconf 86' lang='lat' dir='ltr'>fides</span> <span class='ocrx_word' id='word_1_390' title='bbox 507 2900 648 2955; x_wconf 87' lang='lat' dir='ltr'>adhihenda,</span> <span class='ocrx_word' id='word_1_391' title='bbox 660 2900 685 2944; x_wconf 88' lang='lat' dir='ltr'>in</span> <span class='ocrx_word' id='word_1_392' title='bbox 694 2900 817 2945; x_wconf 85' lang='lat' dir='ltr'>Ierusalem</span> <span class='ocrx_word' id='word_1_393' title='bbox 828 2904 870 2946; x_wconf 76' lang='lat' dir='ltr'>tto</span> <span class='ocrx_word' id='word_1_394' title='bbox 880 2903 918 2947; x_wconf 79' lang='lat' dir='ltr'>rel</span> <span class='ocrx_word' id='word_1_395' title='bbox 928 2906 996 2947; x_wconf 85' lang='lat' dir='ltr'>etiam</span> 
     </span>
     <span class='ocr_line' id='line_1_38' title="bbox 116 2963 996 3033; baseline -0.007 -11"><span class='ocrx_word' id='word_1_396' title='bbox 116 2981 158 3022; x_wconf 77' lang='lat' dir='ltr'>t80</span> <span class='ocrx_word' id='word_1_397' title='bbox 172 2989 303 3033; x_wconf 74' lang='lat' dir='ltr'>synagogae</span> <span class='ocrx_word' id='word_1_398' title='bbox 315 2963 456 3019; x_wconf 77' lang='lat' dir='ltr'>exstitissent.</span> <span class='ocrx_word' id='word_1_399' title='bbox 470 2977 500 3018; x_wconf 83' lang='lat' dir='ltr'>Eo</span> <span class='ocrx_word' id='word_1_400' title='bbox 513 2972 560 3017; x_wconf 89' lang='lat' dir='ltr'>loci</span> <span class='ocrx_word' id='word_1_401' title='bbox 574 2971 745 3017; x_wconf 85' lang='lat' dir='ltr'>conveniebant</span> <span class='ocrx_word' id='word_1_402' title='bbox 758 2972 836 3017; x_wconf 89' lang='lat' dir='ltr'>ludaei</span> <span class='ocrx_word' id='word_1_403' title='bbox 849 2973 932 3019; x_wconf 83' lang='lat' dir='ltr'>dicbus</span> <span class='ocrx_word' id='word_1_404' title='bbox 945 2974 996 3018; x_wconf 85' lang='lat' dir='ltr'>sah-</span> 
     </span>
    </p>

    <p class='ocr_par' dir='ltr' id='par_1_10' title="bbox 101 3031 996 3104">
     <span class='ocr_line' id='line_1_39' title="bbox 101 3031 996 3104; baseline -0.011 -8"><span class='ocrx_word' id='word_1_405' title='bbox 101 3031 163 3096; x_wconf 74' lang='lat' dir='ltr'>&#39;aaa</span> <span class='ocrx_word' id='word_1_406' title='bbox 173 3051 195 3093; x_wconf 87' lang='lat' dir='ltr'>et</span> <span class='ocrx_word' id='word_1_407' title='bbox 207 3047 268 3091; x_wconf 84' lang='lat' dir='ltr'>testis</span> <span class='ocrx_word' id='word_1_408' title='bbox 278 3046 365 3102; x_wconf 83' lang='lat' dir='ltr'>diebus,</span> <span class='ocrx_word' id='word_1_409' title='bbox 379 3049 402 3090; x_wconf 91' lang='lat' dir='ltr'>ut</span> <span class='ocrx_word' id='word_1_410' title='bbox 412 3045 526 3090; x_wconf 88' lang='lat' dir='ltr'>orationes</span> <span class='ocrx_word' id='word_1_411' title='bbox 537 3044 641 3104; x_wconf 85' lang='lat' dir='ltr'>publicas</span> <span class='ocrx_word' id='word_1_412' title='bbox 655 3048 793 3103; x_wconf 74' lang='lat' dir='ltr'>peragerent</span> <span class='ocrx_word' id='word_1_413' title='bbox 805 3044 929 3099; x_wconf 88' lang='lat' dir='ltr'>lectionem</span> <span class='ocrx_word' id='word_1_414' title='bbox 939 3044 996 3101; x_wconf 78' lang='lat' dir='ltr'>legis</span> 
     </span>
    </p>
   </div>
   <div class='ocr_carea' id='block_1_9' title="bbox 116 3114 994 3182">
    <p class='ocr_par' dir='ltr' id='par_1_11' title="bbox 116 3114 994 3182">
     <span class='ocr_line' id='line_1_40' title="bbox 116 3114 994 3182; baseline -0.014 -14"><span class='ocrx_word' id='word_1_415' title='bbox 116 3128 136 3168; x_wconf 87' lang='lat' dir='ltr'>et</span> <span class='ocrx_word' id='word_1_416' title='bbox 147 3122 313 3182; x_wconf 87' lang='lat' dir='ltr'>prophetarum</span> <span class='ocrx_word' id='word_1_417' title='bbox 327 3117 434 3161; x_wconf 88' lang='lat' dir='ltr'>audirent</span> <span class='ocrx_word' id='word_1_418' title='bbox 447 3119 470 3160; x_wconf 91' lang='lat' dir='ltr'>et</span> <span class='ocrx_word' id='word_1_419' title='bbox 484 3130 564 3160; x_wconf 90' lang='lat' dir='ltr'>eorum</span> <span class='ocrx_word' id='word_1_420' title='bbox 578 3129 636 3175; x_wconf 87' lang='lat' dir='ltr'>quac</span> <span class='ocrx_word' id='word_1_421' title='bbox 650 3115 709 3159; x_wconf 88' lang='lat' dir='ltr'>lecta</span> <span class='ocrx_word' id='word_1_422' title='bbox 726 3114 994 3175; x_wconf 72' lang='lat' dir='ltr'>erautexplicationem&#39;l</span> 
     </span>
    </p>
   </div>
   <div class='ocr_carea' id='block_1_10' title="bbox 137 3216 995 3265">
    <p class='ocr_par' dir='ltr' id='par_1_12' title="bbox 137 3216 995 3265">
     <span class='ocr_line' id='line_1_41' title="bbox 137 3216 995 3265; baseline -0.014 -8"><span class='ocrx_word' id='word_1_423' title='bbox 137 3228 150 3257; x_wconf 90' lang='lat' dir='ltr'>i.</span> <span class='ocrx_word' id='word_1_424' title='bbox 161 3223 203 3257; x_wconf 90' lang='lat' dir='ltr'>lndc</span> <span class='ocrx_word' id='word_1_425' title='bbox 212 3221 312 3265; x_wconf 84' lang='lat' dir='ltr'>partitiones</span> <span class='ocrx_word' id='word_1_426' title='bbox 322 3218 363 3252; x_wconf 82' lang='lat' dir='ltr'>illae</span> <span class='ocrx_word' id='word_1_427' title='bbox 372 3218 390 3252; x_wconf 87' lang='lat' dir='ltr'>iu</span> <span class='ocrx_word' id='word_1_428' title='bbox 400 3216 514 3260; x_wconf 81' lang='lat' dir='ltr'>pentateucho</span> <span class='ocrx_word' id='word_1_429' title='bbox 524 3216 596 3250; x_wconf 88' lang='lat' dir='ltr'>hebraeo</span> <span class='ocrx_word' id='word_1_430' title='bbox 609 3217 678 3250; x_wconf 90' lang='lat' dir='ltr'>nomine</span> <span class='ocrx_word' id='word_1_431' title='bbox 688 3218 817 3259; x_wconf 71' lang='lat' dir='ltr'>perambulam,</span> <span class='ocrx_word' id='word_1_432' title='bbox 827 3219 844 3250; x_wconf 91' lang='lat' dir='ltr'>et</span> <span class='ocrx_word' id='word_1_433' title='bbox 851 3219 908 3259; x_wconf 83' lang='lat' dir='ltr'>parics</span> <span class='ocrx_word' id='word_1_434' title='bbox 920 3222 964 3259; x_wconf 77' lang='lat' dir='ltr'>quae</span> <span class='ocrx_word' id='word_1_435' title='bbox 975 3223 995 3246; x_wconf 78' lang='lat' dir='ltr'>cr</span> 
     </span>
    </p>
   </div>
   <div class='ocr_carea' id='block_1_11' title="bbox 0 0 1106 3511">
    <p class='ocr_par' dir='ltr' id='par_1_13' title="bbox 0 0 1106 3511">
     <span class='ocr_line' id='line_1_42' title="bbox 0 0 1106 3511; baseline 0 4"><span class='ocrx_word' id='word_1_436' title='bbox 0 0 1106 3511; x_wconf 95' lang='lat' dir='ltr'> </span> 
     </span>
    </p>
   </div>
  </div>
 </body>
</html>
