2239 3511
85 263 124 304 490
439 264 515 296 4444444
532 258 563 301 14,
581 258 612 295 ll

85 361 132 398 rent
134 370 160 398 44
170 357 226 408 quod
238 368 386 397 44444444444
395 359 433 409 pot
435 359 494 397 44444
503 335 544 396 nisi
554 356 657 416 peculiari
669 358 706 397 Dei
717 357 817 408 impulsu
829 359 886 398 Unde
896 359 962 399 maior

86 434 159 463 eorum
167 421 235 474 dignit
236 425 277 462 ast
268 422 371 462 htet‘ocra
356 422 465 462 4444444444
476 423 586 474 consequit
588 434 621 471 nr;
634 434 698 474 qnare
710 415 824 463 dicendum
832 422 962 464 44144444

84 499 132 528 cum
146 487 200 527 nulli
212 488 303 528 maiores
315 487 396 528 inerint
409 488 519 540 prophetis
530 491 581 528 4444
595 489 700 546 Ioannem,
713 500 731 528 44
726 484 846 529 ’4444444
837 478 880 529 non
888 489 962 529 hahuit

84 552 187 593 maiorem
200 564 223 594 se
236 553 372 606 prophetam,
383 554 467 593 nullum
480 554 545 594 etiam
558 543 688 599 absolutese
699 553 802 594 maiorem
811 554 891 594 habuit.
903 556 961 595 Cete-

83 630 133 658 rum
144 631 169 659 ea
182 631 267 671 qnoque
281 619 424 659 controversia
437 619 499 658 inniti
515 618 598 659 videtur
611 619 705 670 opinioni
719 611 799 671 agi'hic
813 619 838 659 de
852 619 960 660 sanctitate

12 703 13 706 ¹
42 732 44 736 ‚
84 695 178 725 morum.
192 683 232 724 Sed
243 684 380 725 statuendum
391 684 431 725 4444
441 696 491 725 cum
500 683 521 725 S.
531 683 648 738 Auprrstino
659 697 665 723 :
677 700 687 721 4
697 685 785 725 1444444
796 679 892 725 omnium
901 697 961 737 prae-

84 739 206 806 cedentium
219 750 329 802 proximus
343 750 420 790 Christi
431 750 570 791 annuntiator
582 750 631 799 ruia
644 752 664 790 et
675 750 726 802 quia
739 761 814 791 omnes
828 750 960 802 superiorum

84 818 209 868 temporum
220 816 271 856 44444
282 818 304 856 44
313 811 428 868 prophetae
438 815 554 867 cupiebant
566 816 637 856 videre
647 816 843 868 completum'quod
853 816 960 856 revelante

85 880 167 933 Spiritu
175 881 271 921 futurum
281 892 327 920 esse
338 881 458 925 cernebant,
468 882 579 932 propterea
588 882 677 933 loannes
688 881 779 932 amplius
787 886 850 934 quam
858 877 961 933 propheta

84 946 154 995 dictus
169 948 200 985 est
217 948 238 984 44
253 945 274 984 44
287 944 343 984 natis
359 944 474 985 mulierum
489 945 532 985 non
545 945 645 985 habuisse
660 943 771 994 maiorem,
787 946 838 997 quia
851 934 959 998 prioribus
1019 973 1021 976 ψ

84 1011 128 1051 inst
129 1010 147 1050 is
161 1010 310 1062 praenuntiare
324 1011 408 1049 tantum
423 1010 528 1050 Christum
540 1021 665 1051 concessum
676 1006 713 1058 444,
725 1001 820 1051 hnict
784 1012 820 1051 aut
822 1022 855 1050 em
867 1013 887 1051 et
900 1022 960 1063 prae-

69 1082 72 1087 ·
83 1087 127 1116 nnn
129 1076 183 1116 tiare
192 1075 268 1115 absent
259 1077 304 1116 tem
316 1077 336 1115 44
328 1074 418 1115 tvidere
429 1077 570 1132 praesentem,
583 1075 768 1116 nthuicrnreniat
770 1087 794 1125 ur
804 1076 895 1134 patuisse
905 1076 960 1147 quod
1016 1077 1018 1080 '

84 1141 115 1181 illi
130 1141 243 1192 cupierunt
260 1157 269 1176 4
288 1138 369 1193 (contra
380 1140 466 1180 litteras
483 1126 582 1181 Petiliani
598 1133 647 1181 444.
664 1140 706 1194 87).
716 1141 777 1188 Quae
793 1139 960 1193 vestigiaetiarh

30 1244 32 1248 .
85 1204 144 1246 Tolct
125 1210 169 1245 44444
185 1205 429 1258 sequitnraffirmans:
427 1221 447 1242 «
462 1206 543 1246 nonfit
558 1206 642 1246 collatio
659 1207 693 1247 hic
707 1207 732 1247 de
746 1206 821 1247 maiori
835 1207 869 1247 vel
883 1207 971 1247 minori*
1018 1200 1019 1203 ’

83 1271 150 1323 gratia
163 1274 200 1311 ant
212 1272 332 1319 sanctitate,
347 1271 384 1311 sed
398 1270 424 1310 de
440 1270 542 1323 dignitate
556 1274 577 1311 44
590 1270 714 1312 excellentia
726 1271 799 1321 officii;
814 1271 835 1311 in
848 1271 888 1312 hoe
902 1272 959 1312 enim
974 1287 975 1290 ¹
1034 1290 1036 1295 ·

85 1348 160 1377 omnes
169 1337 284 1388 prophetas
298 1336 406 1388 superavit
397 1337 523 1376 tloanncs»
529 1337 597 1376 dlx
582 1348 609 1376 ns
620 1348 674 1388 quae
685 1337 761 1376 adduxi
772 1337 898 1388 perspicitur
908 1348 959 1388 quo-

85 1414 156 1454 que
137 1413 184 1442 eam
195 1401 323 1451 sententiam
334 1401 359 1441 de
370 1401 438 1441 officio
449 1398 571 1453 acdignitat
540 1404 584 1441 te
551 1413 706 1454 aperperam
716 1400 887 1442 traducialtlotd
899 1402 959 1470 quasi

83 1466 164 1507 haeret
159 1465 198 1505 icis
208 1467 324 1516 propriam.
818 1482 819 1485 =

113 1565 204 1611 Telisit
185 1580 263 1625 reque
277 1568 325 1609 act
315 1567 393 1609 tantus
408 1580 459 1610 4444
471 1566 501 1611 444
514 1570 616 1620 4444444,
629 1580 708 1611 eornm
722 1567 847 1626 percutitur
860 1567 960 1625 languor
975 1590 976 1593 ¹

83 1643 105 1683 et
113 1641 178 1697 tepor
188 1636 229 1696 qui
238 1631 286 1681 eius
294 1636 432 1681 testimoniis
443 1639 465 1680 et
478 1638 587 1697 exemplis
595 1652 643 1682 non
655 1638 821 1697 obsequnntur3
833 1638 960 1698 percutitur
972 1665 973 1668 ¹

83 1712 160 1754 autem
173 1707 241 1751 etiam
253 1708 326 1765 magis
339 1723 366 1752 44
375 1723 401 1752 44
412 1708 472 1767 qnod
483 1707 631 1787 istotorpore
642 1710 753 1754 maiorem
765 1708 830 1759 illam
838 1710 960 1769 repudiant

83 1779 183 1838 dignitat
162 1793 221 1822 44444
232 1775 336 1837 4444444
349 1794 421 1858 regno
435 1780 548 1824 messiano
561 1781 657 1838 quisque
668 1779 776 1838 acquirit3
757 1781 848 1825 tunde
861 1782 934 1826 Christ
925 1785 961 1826 tus

82 1852 175 1913 pergit:
188 1850 315 1910 parientem
328 1850 405 1894 minor
415 1850 499 1894 4444444
500 1864 563 1909 epae
577 1851 637 1894 coelo
639 1866 697 1907 44444,
708 1851 850 1896 rnar'orectal
815 1851 885 1907 rital-
897 1851 960 1896 «a-cl

83 1923 116 1966 dit
127 1923 171 1966 hoc
184 1920 258 1964 Chrrs
249 1923 320 1965 usu
330 1923 397 1964 acuat
388 1920 472 1964 audi
463 1923 522 1964 ores
533 1921 562 1964 ad
571 1922 755 1980 prosequendam
764 1922 826 1966 bea
809 1909 960 1968 itudinemet

82 1994 131 2038 salu
132 1995 179 2037 tem
195 1998 260 2036 suam
276 2006 318 2051 per
330 1991 369 2048 leg
355 2005 406 2034 em
422 1991 578 2053 evangelicam
592 2004 661 2051 qnam
677 1992 724 2051 ipse
741 1995 772 2037 att
754 1993 826 2048 444444·
807 1994 884 2037 thoc
899 1994 960 2038 enim

82 2068 114 2109 est
131 2077 229 2120 regnum
244 2062 369 2116 coelorum,
386 2077 412 2114 44
426 2077 471 2121 qno
486 2062 682 2121 praedicationem
700 2078 764 2107 suani
781 2063 880 2143 coepite
882 2068 960 2109 t-oon

81 2134 180 2180 44444444
171 2133 317 2188 tChristus»
330 2132 395 2192 (Lep
400 2133 415 2192 )
428 2133 496 2181 Debet
487 2136 611 2191 tregnum
626 2133 742 2178 coelorum
758 2135 830 2194 accipi
845 2150 872 2179 eo
885 2143 957 2190 sensu,

81 2222 126 2266 4444
138 2205 197 2249 illud
211 2204 333 2249 4444444444
349 2208 445 2248 loannes
459 2207 481 2248 44
496 2205 596 2256 Christus
611 2206 728 2263 praedicat
746 2205 783 2265 (ci.
796 2207 843 2261 323
861 2207 923 2267 hil)
939 2210 960 2251 et

81 2276 179 2337 apostoli
188 2276 235 2321 eins
245 2276 456 2319 adventumnotnm
464 2276 538 2320 iacere
547 2276 656 2321 iubentur
664 2275 733 2336 (104)
742 2291 747 2329 ;
756 2277 853 2336 proinde
862 2293 959 2336 regnum

82 2349 228 2404 messianum,
239 2362 312 2392 novus
325 2346 365 2391 iile
377 2346 561 2403 intelligi'debet
574 2362 651 2392 rerum
662 2348 717 2391 ordo
734 2362 801 2406 quem
815 2349 913 2393 Christus
927 2352 960 2393 est

80 2419 233 2465 instituturus.
246 2410 301 2463 Cum
311 2418 367 2463 haec
381 2418 487 2462 dicantur
496 2418 584 2462 ratione
594 2418 674 2462 habita
685 2421 757 2462 status
766 2418 828 2462 illins
838 2420 866 2462 in
871 2434 916 2479 quo
926 2422 959 2463 est

81 2495 183 2544 loannes,
195 2490 262 2547 iungi
273 2492 362 2548 oportet
372 2488 448 2532 44444444·
460 2489 485 2532 in
496 2502 566 2547 rayno
578 2488 690 2532 4444444444
702 2487 751 2533 scil.
763 2490 782 2532 is
796 2489 835 2548 qui
848 2490 873 2534 in
886 2505 958 2549 reguo

81 2562 199 2607 coelorum
211 2558 287 2604 minor
302 2562 335 2604 est
350 2558 388 2619 (ci.
404 2559 475 2604 ruald.
492 2561 552 2603 [4444.
568 2562 589 2602 44
605 2559 760 2619 recentiores),
772 2561 808 2604 ‘uti
822 2564 882 2605 recte
899 2561 958 2623 indi-

80 2638 144 2679 catur
156 2631 341 2692 interpunctione
354 2631 379 2674 in
390 2630 452 2690 crth.
459 2645 469 2688 ,·
482 2630 565 2675 dicitur
580 2630 655 2675 4444444
667 2630 683 2675 i.
698 2646 717 2675 e.
734 2632 773 2690 qui
789 2633 958 2692 comparatione

79 2705 174 2750 maioris
187 2704 249 2748 illius
262 2706 347 2748 statum
357 2702 428 2747 habet
442 2705 463 2746 et
477 2691 629 2747 conditionem
638 2703 771 2747 interiorem
781 2703 805 2747 in
815 2718 886 2761 regno
900 2717 958 2747 mes-

79 2778 152 2830 siano,
173 2775 213 2835 qui
229 2775 253 2819 in
268 2775 311 2818 hcc
326 2789 397 2832 regno
415 2773 544 2819 minoribus
559 2777 581 2818 44
598 2766 746 2819 interioribus
761 2774 873 2819 accenseri
892 2773 958 2818 debet

55 2879 59 2885 .
79 2847 167 2892 ratione
180 2846 289 2900 numeris,
306 2845 404 2925 dignitati
383 2844 424 2890 ais
396 2845 473 2890 vel
483 2848 539 2890 4444
539 2848 596 2889 rma
598 2859 655 2890 ionis
668 2861 692 2889 44
703 2845 811 2899 44414444
817 2844 892 2889 444444
906 2848 929 2889 44
931 2845 958 2889 444

19 2928 21 2933 ’
79 2919 155 2962 444444
173 2918 197 2960 44
211 2917 310 2962 Ecclesia
326 2916 400 2961 maior
416 2919 448 2961 est
462 2917 511 2961 illo.
491 2917 613 2974 cinsigni
626 2917 702 2976 itaque
717 2916 786 2959 modo
803 2916 957 2961 excellentiam

79 2988 216 3047 acdigniiat
193 3002 254 3033 aem
268 2989 322 3032 novi
336 2991 380 3033 tes
382 2988 639 3049 arnenrproclama
617 3000 767 3032 esummum
781 2990 814 3032 os
806 2987 899 3032 endi
900 2987 958 3032 ilum

79 3061 226 3121 splendorem
236 3074 282 3118 quo
290 3059 368 3104 lucent
359 3062 417 3119 tqur
411 3060 539 3105 Christum
550 3060 705 3104 indueruntet
683 3072 752 3117 equi
746 3058 833 3104 Christ
835 3073 872 3103 nm
882 3058 958 3102 induti

79 3134 149 3177 dest
133 3136 181 3177 444
199 3130 335 3176 4444444444Ι
330 3134 401 3175 insta
389 3134 450 3175 atum
465 3132 559 3176 libertat
527 3132 578 3176 ttis
592 3130 692 3174 filiorum
705 3129 743 3174 Dei
758 3131 902 3183 transierunt,
918 3130 956 3188 qni

77 3219 123 3248 4444
136 3219 183 3248 444
196 3207 249 3249 sun
260 3202 353 3264 parvuli
367 3203 568 3247 snbttnonbnse
582 3201 696 3247 acolabis
709 3200 958 3261 consn1etpariul
