2239 3511
130 236 170 275 598
336 229 337 232 ’
427 269 432 272 ,
448 213 554 265 summ,
572 228 604 275 43,
619 229 651 267 44.

130 320 244 364 'consimili
254 336 305 366 oum
315 325 379 381 patre
389 336 435 368 suo.
447 325 520 384 Atque
527 317 561 369 ad
573 326 598 370 id
613 329 708 372 attentos
718 342 764 373 esse
772 343 841 388 quam
853 329 952 372 maxime
962 344 1008 373 om-

129 404 169 433 ues
183 391 257 447 iubet;
275 392 303 437 of.
320 398 394 449 11,15.

275 499 297 539 g)
311 498 435 541 Parabolae
448 499 474 533 de
487 501 552 535 honis
565 503 628 544 regni
636 503 741 539 messiani
752 504 866 547 13‚44-4ss.

154 576 215 617 lali.
240 578 304 613 Simile
323 581 351 614 est
368 590 444 624 regnum
465 583 569 616 coelorum
613 586 671 627 13‚44.
684 583 743 632 Ὁμοία
752 584 794 620 ἐστὶν
807 584 817 628 ἡ
831 584 908 632 βασιλεία
917 587 949 618 τῶν
959 582 1007 630 οὐρα-

128 635 218 670 thesauro
235 638 343 674 abscondito
360 643 379 674 in
396 650 441 682 agro
457 651 512 684 quem
529 644 561 686 qui
586 646 618 677 νῶν
637 644 713 693 θησαυρῷ
725 645 830 692 κεκρυμμένῳ
850 646 867 679 ἐν
885 647 909 692 τῷ
927 642 973 691 ἀγρῷ
988 643 1006 677 ὃν

128 695 201 729 invenit
215 697 272 731 honio
290 699 385 734 abscondit
400 702 417 734 et
432 709 476 744 prae
491 703 561 745 gaudio
586 702 637 748 εὑρὼν
646 703 729 751 ἄνθρωπος
742 702 807 751 ἔκρυψεν
823 703 851 737 καὶ
867 701 899 738 ἀπὸ
912 703 941 746 τῆς
955 703 1007 749 χαρᾶς

128 753 178 787 illius
187 755 238 790 vadit
250 759 268 790 et
278 759 341 792 vendit
352 760 438 794 universa
448 769 495 803 qliae
504 762 561 804 habet
586 762 635 797 αὐτοῦ
644 762 703 811 ὑπάγει
712 763 740 798 καὶ
746 762 800 799 πωλεῖ
806 763 837 798 ὅσα
844 763 884 809 ἔχει·
890 762 919 797 καὶ
928 760 1006 808 ἀγοράζει

128 814 146 846 ot
156 815 202 848 emit
211 824 277 858 agrum
285 818 343 862 illum.
410 829 411 832 ¹
585 821 752 869 τὸνάγρὸνέκεῖνον.
867 860 868 863 ,

152 874 181 906 45.
193 874 263 909 Iterum
272 879 332 925 simile
343 880 454 921 estregnum
464 882 559 915 coelorum
610 883 638 918 45.
652 882 704 917 Πάλιν
726 882 775 929 ὁμοία
796 881 860 926 toribii
878 881 954 928 βασιλεία
972 884 1004 916 τῶν

128 934 200 966 homini
210 936 322 977 negotiatori
336 940 430 979 quaerenti
438 939 498 972 bonas
507 948 559 973 mar-
583 940 655 987 οὐρανῶν
666 940 731 988 ἐμπόρῳ
743 943 818 987 ζητοῦντι
827 941 887 982 καλοὺς
898 940 1003 988 μαργαρίτας.

129 993 209 1034 genitam
222 993 339 1029 46.inventa
353 999 415 1030 autem
429 1006 467 1030 una
476 1000 559 1049 pretiosa
585 1002 613 1036 lt.
632 1000 682 1048 εὑρὼν
699 1000 717 1035 δὲ
734 1001 762 1036 ἕνα
786 1000 877 1047 πολύτιμον
902 999 1004 1047 μαργαρίτην

126 1052 229 1093 margarita
241 1053 287 1087 abiit
305 1056 322 1087 et
337 1055 419 1089 uendidit
433 1058 495 1090 omnia
509 1066 558 1100 quae
583 1058 659 1094 taetitia
678 1060 756 1106 πέπρακεν
780 1054 884 1095 adriatice.
908 1057 954 1104 εἶχεν
976 1056 1004 1092 καὶ

126 1114 192 1148 hahuit
201 1115 219 1148 et
227 1117 272 1149 emit
281 1126 328 1151 eam.
582 1117 663 1166 ἠγόρασεν
673 1118 728 1155 αὐτόν.

149 1197 171 1230 In
181 1206 199 1231 v.
211 1198 233 1231 44
240 1199 287 1233 codd
294 1209 315 1242 gr
326 1199 415 1244 (excipere
424 1201 467 1247 BD)
475 1204 597 1245 praemittunt
606 1202 655 1237 πολιν
661 1229 666 1246 ,
673 1205 716 1238 ilem
726 1205 750 1237 ili
760 1213 809 1247 qsyr
823 1202 864 1248 (utr)
876 1212 915 1236 arm
927 1202 952 1235 01·
961 1202 991 1235 llil
996 1211 1000 1242 ς
1057 1192 1059 1194 θ

124 1267 178 1293 ταντα
189 1266 221 1291 om
234 1259 248 1292 B
263 1259 320 1301 aliqui
334 1261 405 1294 minuse
414 1260 449 1294 Or.
467 1260 489 1294 In
503 1270 522 1293 v.
536 1261 623 1315 450m-B
636 1263 663 1296 50.
675 1263 703 1297 59.
717 1263 753 1296 Ath
764 1262 800 1304 Gyr
811 1262 848 1296 Chr
859 1263 907 1296 Amh
922 1261 1009 1309 ανθρωπῳ.

125 1317 147 1351 ln
156 1328 175 1351 ν,
188 1316 210 1350 46
221 1318 269 1351 codd
279 1327 300 1360 gr
311 1318 382 1362 (excipe
392 1325 405 1356 a·
416 1321 456 1354 B'l)
467 1320 488 1365 L)
499 1330 517 1358 ος
527 1330 578 1368 ενρων
588 1322 595 1354 i
606 1331 662 1364 qcop
673 1321 714 1364 Cyr.
726 1323 747 1354 ln
757 1331 775 1354 ν.
787 1322 807 1355 45
819 1331 849 1354 om
860 1322 889 1354 sin
900 1323 964 1355 bonas.

159 1392 196 1436 Uti
207 1393 293 1452 sinapis
302 1397 324 1438 et
334 1396 438 1440 fermenti
451 1397 576 1459 parabolae
590 1397 619 1441 ad
631 1399 678 1441 vim
692 1398 758 1454 regni
769 1397 886 1455 pertinent
895 1400 917 1440 et
929 1384 1003 1439 totum

129 1463 209 1506 orbem
220 1467 351 1523 superatum
364 1467 393 1511 iri
405 1467 500 1521 indioat,
514 1468 546 1511 ita
563 1468 606 1512 hae
620 1468 678 1512 duae
692 1469 738 1512 eius
750 1468 849 1527 pretium
867 1470 889 1509 et
900 1466 1001 1522 dignita-

128 1535 174 1577 tem
189 1535 320 1591 ostendunt3
336 1540 368 1580 est
378 1537 438 1581 enim
449 1538 574 1597 pretiosum
586 1541 611 1582 ut
622 1539 755 1596 margarita,
772 1539 893 1581 innumera
905 1537 1000 1596 praebet

128 1605 285 1649 commodant
298 1607 415 1651 thesaurus
429 1609 459 1666 (S.
471 1608 571 1668 Chrys.)
583 1610 656 1653 Simul
666 1609 759 1653 docetur
774 1611 859 1667 quanto
875 1606 950 1651 studio
961 1621 1001 1650 an-

127 1676 248 1720 nitendum
258 1678 286 1720 sit
296 1681 321 1721 ut
331 1679 379 1737 quis
389 1679 431 1722 hoo
440 1693 511 1736 regno
521 1679 631 1739 potiatur.
646 1680 839 1731 Quemadmodum
849 1680 873 1722 in
884 1678 999 1737 prioribus

70 1799 71 1802 Ἴ
127 1747 254 1807 parabolis,
272 1750 298 1792 ut
314 1749 363 1794 Cat.
379 1749 479 1804 adnotat,
499 1765 599 1808 regnum
619 1751 732 1795 coelorum
748 1753 868 1794 tractatum
888 1753 920 1792 est
936 1764 1001 1792 exea

126 1822 192 1879 parte
206 1834 252 1877 qua
264 1821 311 1863 uim
324 1820 393 1864 habet
405 1821 538 1875 effectivam,
553 1822 621 1865 modo
634 1822 658 1866 in
670 1823 705 1866 his
717 1822 804 1866 duabus
813 1823 925 1864 tractatur
938 1835 963 1862 ex
973 1834 999 1862 ea

126 1894 193 1951 parte
204 1905 249 1949 qua
259 1891 306 1934 vim
319 1891 388 1935 habet
400 1892 461 1946 finis,
479 1908 525 1951 qua
539 1895 571 1937 est
585 1907 727 1951 summopere
740 1889 898 1936 desiderabile.
911 1890 998 1934 ideireo

126 1964 212 2016 autem,
224 1965 302 2005 monet
311 1963 334 2006 S.
349 1963 468 2022 Greqordts
477 1964 549 2023 (bom.
562 1968 587 2007 11
598 1963 623 2007 in
635 1963 735 2022 evang),
745 1963 839 2007 terrenis
849 1961 918 2005 rebus
928 1961 1001 2004 simile

126 2032 219 2086 dieitur,
230 2035 256 2076 ut
269 2047 295 2076 ex
310 2033 345 2077 his
362 2048 418 2092 quae
432 2035 520 2079 animus
531 2035 596 2078 novit
607 2037 685 2092 surgat
698 2034 727 2079 ad
740 2033 867 2091 incognita,
887 2036 1001 2091 quatenus

127 2103 231 2162 exemplo
247 2103 371 2148 visibilium
385 2120 407 2149 se
419 2105 448 2149 ad
457 2105 583 2150 invisibilia
593 2106 668 2165 rapiat
676 2108 698 2149 et
709 2121 750 2164 per
756 2114 785 2148 'ea
795 2119 853 2163 quae
867 2118 910 2147 usu
922 2103 1001 2146 didicit
1053 2120 1054 2123 ¹

126 2176 191 2234 quasi
207 2174 344 2219 confricatus
356 2175 486 2232 incalescat,
503 2180 529 2220 ut
543 2191 585 2237 per
598 2178 640 2220 hoe
654 2176 714 2235 quod
732 2177 771 2220 soit
788 2177 869 2219 notum
884 2174 999 2231 diligere,

126 2246 198 2290 diseat
208 2248 231 2289 et
240 2246 356 2303 incognita
366 2262 448 2292 amare.
461 2248 590 2292 Ostenditur
600 2251 677 2292 autem
685 2248 750 2304 regui
759 2247 858 2306 pretium
869 2248 892 2289 et
900 2245 1002 2303 dignitas

124 2319 148 2361 in
166 2318 275 2361 thesauro
293 2320 404 2376 quantum
422 2320 450 2362 ad
468 2320 633 2378 copiositatem,
653 2319 678 2362 in
694 2319 818 2375 margarita
837 2320 952 2376 quantum
971 2316 1002 2360 ad

124 2388 333 2448 pulchritudinem,
343 2393 368 2433 ut
380 2390 404 2434 S.
418 2392 435 2433 Τ
434 2390 493 2434 berit.
510 2390 573 2434 dicit.
650 2442 652 2446 Α

154 2460 279 2503 Disorirnerr
296 2474 387 2518 (quoque
402 2460 426 2504 in
441 2476 467 2504 eo
483 2462 585 2505 cernitur
605 2460 668 2519 quod
684 2462 751 2504 semel
767 2459 901 2519 simpliciter
918 2459 1011 2502 dieitur,

125 2529 223 2574 treoeatri
232 2530 373 2585 thesaurum7
387 2531 455 2574 semei
465 2535 542 2575 autem
554 2531 634 2590 quaeri
644 2532 786 2589 margaritas.
803 2533 933 2575 innuuntur
946 2528 994 2574 seil.

125 2602 184 2645 varii
194 2600 257 2645 medi
266 2601 349 2660 quibus
359 2603 490 2660 contingere
499 2605 574 2661 potest
584 2605 609 2646 ut
615 2603 720 2646 homines
730 2602 786 2646 fiant
795 2603 854 2646 cives
865 2602 933 2659 regni
943 2616 1001 2645 mes-

92 2663 94 2665 ·
125 2673 190 2717 siani.
209 2673 347 2732 Proponitur
364 2674 423 2717 enim
440 2674 561 2717 thesaurus
581 2674 645 2732 quasi
661 2688 713 2718 casu
731 2675 847 2724 inventus,
873 2672 1001 2728 margarita

126 2747 203 2788 autem
219 2744 293 2788 studio
311 2748 333 2788 et
349 2744 493 2803 inquisitione
510 2746 615 2797 inventa;
633 2744 731 2804 proinde
744 2744 887 2801 significatur
897 2756 997 2798 reguum

125 2815 264 2859 messianum
274 2815 410 2875 <quandoque
424 2816 493 2860 veluti
503 2831 558 2860 casu
570 2816 646 2860 offerri
658 2831 684 2859 ao
695 2815 768 2860 subito
782 2815 891 2858 divinitus
902 2812 997 2857 demon-

125 2885 204 2937 strari3
218 2886 272 2928 alias
284 2890 358 2930 autem
368 2887 455 2931 homini
465 2887 621 2931 laborandum
633 2902 679 2931 esse
694 2889 715 2930 et
724 2900 809 2942 magno
819 2887 903 2928 conatu
915 2886 938 2928 et
952 2885 996 2929 sol-

124 2956 245 3002 lieitudine
255 2956 426 3014 inquirendum,
436 2962 462 3002 ut
470 2959 565 3002 tandem
573 2973 615 3017 ope
622 2958 700 3001 divina
710 2958 799 3000 adiutus
806 2954 872 3012 regni
881 2956 996 3001 bonorum

124 3030 165 3074 fiat
173 3029 230 3073 oivis
239 3029 261 3070 et
270 3027 334 3070 heres
343 3028 453 3085 (similiter
468 3030 518 3074 Cui.
529 3031 590 3073 Idus.
606 3029 669 3086 δρία.
685 3028 781 3085 Selteqq,
791 3027 890 3082 Salmas,
900 3027 963 3087 Fit).

155 3101 306 3158 Comparatur
316 3113 336 3141 ν.
350 3102 376 3141 44
387 3113 482 3154 regnum
492 3101 632 3143 messianum
643 3096 757 3151 thesauro,
769 3112 814 3157 qua
823 3114 876 3143 voce
887 3099 999 3143 niaximus

124 3171 218 3231 quidam
228 3170 286 3226 auri7
299 3169 387 3226 argmti
395 3183 517 3228 rerumque
523 3169 676 3229 pretiosarum
686 3169 787 3213 cumulus
795 3170 941 3228 designatur,
951 3169 997 3225 vel,
