2211 3575
448 232 523 264 uarie.
539 221 558 270 l,
574 221 606 261 18.
942 223 967 263 tl

88 325 181 386 quidem
192 338 244 368 vere
259 316 361 369 sentiunt
376 325 431 383 quia
446 337 540 384 sponsus
553 325 576 367 et
590 335 670 383 sponsa
681 323 699 367 si
714 322 799 367 vellent
809 321 855 365 iam
870 320 904 365 uti
917 335 967 384 pos·

88 399 137 442 sent
146 395 253 439 omnihus
263 395 403 440 matrimonii
412 396 507 450 iuribus⁷
518 393 615 455 proinde
624 394 671 439 iam
682 393 786 438 exsistere
797 407 878 437 verum
889 391 968 437 coniu-

87 467 152 526 gium
169 465 292 510 existimari
307 469 391 526 potest;
407 470 429 511 at
444 482 458 510 a
470 466 533 510 verbi
550 466 690 525 proprietate
705 466 823 510 recedunt.
840 468 966 524 Desponsa-

87 540 148 582 tione
163 536 223 581 facta
238 537 266 582 iis
280 539 330 583 iura
346 538 471 595 coniugum
486 536 670 596 propria'fuisse‚
689 537 756 580 etiam
772 536 841 579 modo
856 535 965 593 loquendi
1030 536 1031 539 ’

87 607 241 665 evangelistae
259 609 312 654 satis
333 609 473 663 declaratum
493 617 548 652 nam
567 623 588 652 v.
609 611 635 650 19
656 607 736 666 loseph
755 605 837 651 dicitur
854 606 889 649 vir
904 606 963 658 cius3

86 693 159 725 sermo
181 682 215 723 est
234 679 262 725 de
282 679 424 734 dimissione;
448 680 544 736 angelus
558 694 579 722 v.
601 682 628 722 20
649 677 741 723 Mariam
760 680 825 722 vocat
843 677 963 734 coniugem

85 758 120 807 τὴν
131 761 216 809 γυναῖκα
229 751 326 810 losephi.
338 756 411 803 Quare
427 749 509 795 merito
519 751 543 795 S.
560 750 625 793 Hier.
641 749 669 794 ad
682 765 702 793 v.
720 753 746 793 17
759 752 853 793 monet:
866 766 876 789 «
887 763 964 792 recor-

84 822 138 866 dare
157 822 328 866 consuetudinis
346 822 523 881 Scripturarum‚
542 820 604 879 quod
622 820 699 880 sponsi
716 820 760 864 viri
777 822 799 864 et
812 834 907 879 sponsae
924 834 963 863 vo-

85 895 166 937 cantur
184 907 265 937 uxores
286 911 306 937 a.
329 897 359 938 Dc
381 908 426 952 qua
444 908 469 937 re
488 893 547 937 liene
565 894 663 936 tractant
684 890 755 936 Calua.
777 893 840 935 Patr.
862 890 915 935 diss.
936 894 963 935 15

83 979 106 1022 p.
123 967 176 1016 1273
194 963 281 1008 Grimm
292 968 301 1008 l
311 980 334 1023 p.
348 968 398 1009 itt.
411 968 466 1019 219;
476 962 573 1008 Flanlel.
585 979 604 1008 c.

112 1036 156 1078 Gur
169 1037 226 1080 Deus
239 1035 338 1088 voluerit
348 1035 422 1079 filium
435 1049 502 1079 suum
516 1035 604 1094 concipi
617 1050 630 1079 a
642 1034 731 1092 virgine
747 1035 891 1093 desponsata,
903 1032 961 1076 ratio

81 1106 107 1149 in
117 1108 198 1164 aperto
213 1109 253 1149 est.
267 1109 300 1150 lta
315 1107 375 1150 enim
391 1105 499 1162 mysterio
514 1105 680 1168 lnoarnationis
694 1100 753 1164 quod
764 1120 810 1149 non
822 1104 897 1148 statim
912 1118 961 1147 ma-

70 1175 184 1221 nifestari
197 1180 219 1220 et
229 1175 329 1232 intelligi
339 1176 413 1235 potuit
427 1175 560 1230 consulitur,
575 1175 708 1235 providetur
718 1189 808 1235 quoque
818 1174 902 1219 honori
915 1174 961 1218 vir-

81 1246 152 1304 g·inis;
168 1247 197 1290 de
213 1261 259 1306 qua
269 1263 293 1292 re
304 1247 329 1291 S.
347 1247 424 1292 Aucta.
436 1247 453 1291 1.
468 1261 487 1290 c.
506 1246 560 1290 dicit
575 1261 580 1292 :
593 1264 603 1287 ((
617 1247 699 1291 maluit
709 1248 816 1292 Dominus
828 1246 917 1305 aliquos
931 1246 960 1296 de

81 1332 121 1362 suo
130 1322 181 1362 ortu
193 1332 262 1377 quam
273 1319 301 1362 de
311 1319 391 1363 matris
401 1312 488 1378 pudore
499 1317 617 1373 dubitarc3
628 1317 714 1362 sciebat
724 1318 784 1362 enim
796 1321 899 1362 teneram
910 1328 971 1366 esse,

80 1388 177 1445 virginis
192 1388 355 1433 verecundiam
370 1393 392 1433 et
407 1388 523 1434 lubricam
532 1389 618 1433 famam
631 1381 726 1449 pudoris
744 1407 764 1433 s.
780 1391 899 1433 Praeterea
910 1403 959 1432 mem

80 1459 124 1503 rito
143 1459 232 1504 addunt
250 1460 335 1518 virgini
350 1460 461 1506 auxilium
477 1460 502 1505 in
518 1474 600 1519 sponso
614 1464 636 1505 ct
651 1460 759 1504 solatium
775 1459 826 1504 dari
840 1458 957 1514 debuisse;

78 1532 205 1590 losephum‘
216 1534 298 1576 testem
313 1534 335 1575 et
356 1532 472 1577 custodem
491 1546 538 1577 esse
557 1531 696 1589 virginitatis
715 1532 803 1576 llariae.
826 1526 907 1575 Notum
926 1535 959 1575 est

78 1600 140 1660 quod
151 1600 231 1664 scribit
244 1603 268 1647 S.
281 1602 344 1647 Hier.
360 1617 369 1645 .·
381 1622 391 1644 ((
405 1607 492 1662 martyr
506 1602 608 1660 Ignatius
623 1603 692 1647 etiam
709 1592 814 1662 quartam
830 1602 893 1646 addit
904 1617 959 1646 caum

77 1687 133 1725 sam,
156 1688 224 1717 cura
245 1673 381 1735 desponsata
404 1677 526 1733 conceptus
549 1674 583 1729 sit,
611 1677 636 1717 ut
655 1677 744 1732 partus,
766 1673 884 1733 inquiens,
909 1673 957 1717 eius

77 1744 189 1789 celaretur
199 1743 300 1798 diaholo,
316 1745 371 1789 dum
386 1760 438 1789 erim
454 1748 520 1805 putat
536 1744 624 1789 nonde
639 1745 729 1801 virgine
743 1745 783 1789 sed
798 1745 827 1789 de
840 1759 908 1788 uxore
919 1759 956 1802 ge·

76 1817 184 1860 neretum
200 1833 220 1858 s.
237 1815 339 1859 Eandem
349 1816 414 1860 atl'ert
430 1817 454 1861 S.
466 1817 544 1860 Amba.
556 1816 597 1859 lib.
611 1820 625 1858 Ξ
637 1831 660 1860 n.
673 1821 685 1859 3
702 1830 793 1875 quoque
805 1828 810 1859 :
824 1833 834 1856 ((
848 1830 895 1859 non
909 1830 957 1860 me-

78 1886 160 1930 diocris
170 1900 237 1930 causa
248 1890 288 1939 cst,
302 1890 327 1930 ut
336 1886 457 1945 virginitas
471 1887 552 1932 Mariae
566 1886 658 1930 falleret
671 1887 800 1947 principem
814 1886 903 1941 mundi,
917 1887 957 1945 qui

76 1971 127 2001 crini
146 1958 305 2016 desponsatam
316 1959 364 2003 viro
382 1962 491 2013 cerneret,
509 1961 602 2018 partum
618 1973 664 2002 non
680 1958 754 2017 potuit
767 1957 853 2002 hahere
866 1971 956 2017 suspec-

76 2031 124 2071 tum
137 2044 160 2084 »3
176 2044 234 2087 quae
249 2031 307 2073 ratio
322 2029 375 2073 dein
386 2045 402 2074 a
413 2029 492 2074 multis
502 2027 627 2089 profertum
645 2029 673 2074 ci.
687 2030 710 2073 S.
725 2029 803 2073 Tdom.
817 2029 841 2073 in
858 2044 916 2073 com.
933 2033 956 2073 et

74 2098 97 2141 in
111 2102 217 2144 Summae
227 2115 250 2159 p.
263 2105 275 2144 3
290 2115 327 2159 qu.
344 2104 371 2144 29
382 2104 425 2145 art.
441 2106 464 2156 t3
477 2100 541 2159 Splo.
556 2101 642 2145 Snmcr
656 2101 680 2144 in
695 2104 807 2159 Spartem
818 2104 838 2145 S.
852 2101 953 2144 Thomae

75 2185 112 2229 qu.
130 2175 164 2214 29.
183 2173 264 2215 Contra
281 2186 350 2230 quam
365 2172 502 2216 sententiam
523 2172 587 2216 varia
600 2174 691 2217 movent
704 2171 785 2216 Scottis
802 2171 835 2230 (in
846 2175 858 2214 t
869 2171 956 2216 librum
1015 2185 1017 2188 ⁴

75 2244 170 2286 sentent.
183 2242 235 2286 dist.
248 2248 283 2287 30.
297 2258 335 2302 qu.
348 2244 367 2300 2)
382 2246 405 2287 et
416 2245 518 2287 Testatus
530 2242 577 2301 (qu.
590 2243 673 2287 311'111
686 2258 735 2301 cap.
748 2242 833 2301 llatth.)
846 2246 868 2285 et
878 2243 951 2287 Sclm.

75 2315 96 2355 et
105 2312 179 2358 Madd.
219 2312 337 2358 diabolum
348 2314 448 2372 potuisse
460 2314 552 2358 omnino
563 2313 651 2356 viribus
661 2312 805 2357 naturalibus
817 2327 954 2370 cognoscere

74 2384 164 2427 Mariam
180 2384 294 2442 virginem
316 2398 373 2437 esse;
393 2399 447 2442 ergo
464 2384 569 2429 debuisse
584 2384 668 2427 virtuto
685 2383 763 2427 divina
779 2398 808 2427 ne
826 2383 954 2428 adverteret

74 2454 204 2512 proliiheri;
218 2456 264 2499 iani
281 2456 299 2500 si
314 2456 426 2515 peculiari
442 2456 480 2500 Dei
494 2456 624 2500 interventu
636 2469 691 2515 opus
701 2455 778 2509 luerit,
790 2456 872 2499 eodem
882 2456 953 2499 inter-

74 2529 144 2570 ventu
160 2528 261 2586 potuisse
278 2527 398 2571 diabolum
412 2527 521 2588 impediri
536 2542 565 2571 nc
581 2529 726 2584 cognosceret
743 2526 857 2585 quomodo
873 2530 953 2570 conce-

74 2597 141 2654 pisset
151 2598 193 2642 etsi
203 2613 251 2642 non
258 2599 336 2643 luisset
346 2599 492 2659 desponsata;
505 2598 601 2658 proinde
611 2598 676 2642 illam
687 2598 801 2661 rationem
809 2613 837 2642 ne
848 2587 953 2642 diabolus

67 2672 156 2726 partum
175 2668 328 2729 suspicaretur
343 2669 474 2726 virgineum
492 2683 538 2712 esse
554 2666 704 2713 inefficacem.
721 2672 790 2712 Porro
809 2669 882 2723 multo
900 2670 957 2714 insi-

67 2740 147 2796 gniora
154 2742 292 2786 documenta
302 2754 372 2799 qiiam
386 2741 414 2784 sit
424 2742 504 2800 partus
515 2739 633 2797 virgineus
645 2739 737 2783 diaholo
747 2754 794 2784 non
805 2755 851 2785 esse
862 2741 956 2786 abscon-

72 2808 119 2854 dita
130 2827 155 2856 ex
166 2812 250 2872 quibus
261 2814 312 2873 quis
322 2817 380 2858 esset
389 2818 450 2858 lesus
459 2813 584 2857 coniectare
595 2816 680 2872 posset;
692 2813 747 2857 talia
757 2828 803 2858 esse
814 2814 951 2871 angelorum

71 2885 268 2929 annuntiationem
285 2885 313 2930 ad
329 2888 431 2945 pastores
447 2886 541 2939 factam,
557 2884 678 2936 stellamet
695 2885 818 2930 adventum
835 2889 856 2928 et
870 2886 950 2930 adora·

71 2950 156 2998 tionem
176 2952 304 3013 elegorum,
327 2971 406 3001 vocem
428 2956 456 3000 de
474 2956 536 3000 coelo
556 2956 643 3017 lapsam
661 2956 685 3000 in
704 2956 786 3000 Christi
804 2956 950 3016 baptismate,

72 3024 201 3069 testimonia
218 3027 309 3072 loannis
325 3028 440 3088 baptistae
460 3030 516 3083 etc.;
537 3043 596 3087 quae
614 3027 692 3072 omnia
713 3042 764 3071 cum
784 3029 852 3072 nemo
869 3024 952 3073 dixerit

72 3090 163 3140 (liabolo
175 3112 223 3141 esse
238 3099 361 3153 occultata,
374 3100 410 3144 vix
426 3100 509 3144 assumi
520 3114 585 3160 posse
596 3102 667 3160 Deum
683 3099 792 3144 miraculo
803 3099 950 3143 intervenisse

71 3176 98 3208 nc
109 3171 202 3224 partum
212 3168 344 3225 virgineum
355 3174 503 3228 cognosceret
526 3198 555 3205 —
566 3170 638 3215 Aliam
651 3186 741 3229 quoque
751 3170 865 3215 rationem
876 3170 951 3215 reddit
