2239 3511
98 220 139 260 1311
469 223 543 260 1111111.
560 220 578 267 5,
596 219 614 257 1.
664 215 666 218 ’

101 324 207 379 ricordia‚
232 322 351 382 patientia,
369 322 501 378 contemptu
517 316 604 363 rerum
610 314 766 376 periturarum
785 320 852 376 atque
868 318 892 362 id
907 334 979 376 genus

101 393 171 439 animi
191 391 323 438 virtutihus.
349 390 459 442 Quoniam
481 392 557 434 autem
577 388 743 433 beatitudinem
767 391 874 448 expetunt
891 404 976 445 omnes,

100 467 280 525 propterquam
297 463 425 522 agimuset
444 461 545 521 patimur
562 459 676 520 quidquid
696 459 824 504 voluntarie
843 460 937 520 agimus
957 464 979 504 61

100 537 201 596 patimur
223 550 320 595 eamque
343 547 421 579 omnes
444 533 583 593 pollicentur
601 532 640 591 qui
654 530 825 591 saepientiae
841 532 978 592 profitentur

100 607 232 653 doctores...
250 606 302 651 ideo
318 609 380 650 recte
393 604 502 650 Dominus
517 603 635 649 exorditur
648 618 714 647 suum
728 615 857 648 sermonem
871 607 893 647 et
904 605 977 662 legem

100 679 257 737 euangelicam
278 694 292 723 a
311 676 464 732 beatitudine,
483 670 675 736 quemadmodum
692 678 713 719 et
728 674 799 719 David
814 675 900 719 librum
916 676 977 735 psal-

101 765 197 806 morum,
213 751 324 809 docetque
337 749 362 793 in
376 749 444 794 rebus
459 748 527 805 longe
539 746 634 792 diversis
650 747 716 792 sitam
727 746 893 791 beatitudinem
908 761 976 806 quam

100 824 137 868 vel
145 822 229 880 vulgus
240 825 344 866 autumat
352 820 389 872 vel
398 819 531 879 philosophi
543 819 624 863 docent
635 837 654 863 a.

34 919 37 924 ·
106 910 108 913 ·
131 894 231 938 Christus
249 892 328 936 videns
344 891 424 935 turbas
439 889 519 934 sedulo
539 905 562 933 se
584 893 703 949 sequentes
719 893 741 935 et
760 907 771 931 a
788 905 839 936 cum
856 891 976 936 devotione

100 963 358 1009 desiderantesverhum
369 960 449 1006 audire
461 979 471 1003 a
479 960 620 1005 excitabatur
627 961 657 1005 ad
666 960 794 1006 docendum
805 962 862 1018 (Alo.
875 962 974 1020 Thoasqq

99 1036 159 1082 unde
171 1033 273 1080 escendit
288 1033 313 1078 ia
330 1041 437 1088 ruentem,
457 1048 504 1078 non
522 1032 552 1076 ad
566 1032 670 1077 vitandas
685 1032 765 1077 turbas
782 1031 842 1077 etse
859 1032 905 1077 illis
922 1034 976 1079 sub-

2 1147 4 1150 ,
30 1165 31 1170 1
98 1107 238 1163 trahendum
257 1106 292 1166 (nt
310 1105 359 1151 eat.
377 1104 448 1150 Mold.
472 1102 603 1164 opinantur)
622 1100 662 1148 sed
677 1107 702 1148 ut
718 1120 729 1148 e
745 1105 795 1151 loco
812 1105 872 1149 edito
887 1097 976 1150 lucilius

99 1192 168 1238 quam
184 1176 297 1238 plurimos
314 1177 412 1231 doceret,
427 1176 460 1220 uti
471 1191 497 1220 61
508 1179 561 1229 7,Ξὸ
572 1177 594 1219 61
607 1177 658 1219 Luc.
675 1179 727 1230 o,19
737 1179 807 1235 patet.
822 1179 876 1220 Gum
887 1177 976 1238 dicatur

100 1253 127 1304 εἷς
142 1257 163 1296 τὸ
178 1254 233 1309 ὅρος,
248 1251 362 1307 quaerunt
373 1248 399 1291 in
415 1262 484 1305 quem
501 1249 603 1291 montem
622 1246 748 1291 escenderit
765 1248 801 1290 vel
819 1263 859 1292 cur
877 1251 975 1308 ponatur

100 1320 219 1375 articulus3
236 1321 262 1364 in
276 1321 380 1364 montem
394 1321 476 1363 notum
498 1317 644 1376 legentibus?
663 1318 703 1363 sed
723 1317 785 1380 unde
800 1319 921 1364 innotescit
936 1320 975 1364 ille

99 1393 180 1452 mons?
188 1392 213 1436 in
223 1397 323 1436 montem
334 1390 374 1449 qui
383 1405 455 1450 prope
468 1385 530 1434 erat?
542 1389 575 1433 ita
589 1389 658 1433 nitra.
671 1391 698 1442 εἰς
711 1397 733 1435 τὸ
745 1394 791 1448 ὅρος
802 1398 824 1435 τὸ
839 1396 933 1448 attactam
944 1392 975 1436 ita

99 1465 159 1507 enim
174 1463 290 1506 locutione
300 1460 392 1518 vulgari
407 1475 473 1505 mons
489 1461 525 1504 vel
541 1458 651 1520 oppidum
661 1460 697 1523 vel
707 1460 793 1505 flumen
803 1461 904 1506 vicinum
915 1462 973 1507 desi-

98 1533 166 1592 gnari
178 1534 235 1580 solet
243 1532 346 1592 apposito
357 1531 460 1576 articulo.
473 1530 522 1575 Alii
530 1531 611 1575 volunt
622 1531 655 1575 ita
668 1530 713 1575 dici
723 1531 747 1575 in
761 1533 903 1591 oppositione
912 1534 941 1578 ad
951 1538 972 1588 1,

71 1620 74 1624 ’
99 1610 125 1650 13
138 1606 171 1665 (in
182 1605 344 1664 Gaqrharnaum
354 1601 491 1662 maritima),
503 1617 549 1646 non
562 1603 587 1646 in
596 1602 662 1646 litore
671 1602 741 1658 lacus,
756 1603 796 1662 scd
809 1604 834 1648 in
847 1609 935 1661 monte;
951 1608 974 1649 at

78 1714 80 1717 .
98 1677 166 1721 nimis
182 1676 254 1720 multa
270 1677 331 1720 inter
347 1679 400 1728 h‚l3
419 1677 441 1717 et
465 1677 501 1733 5,1
522 1675 662 1719 inseruntur.
681 1676 712 1718 Ex
734 1674 857 1720 traditione
879 1677 974 1736 antiqua

97 1750 191 1793 vocatur
204 1761 268 1792 mons
281 1745 449 1791 beatitudinum
462 1760 527 1790 mons
542 1745 581 1806 cui
588 1745 657 1789 hodie
667 1760 749 1790 nomen
761 1749 793 1790 est
805 1739 884 1792 llurun
898 1749 974 1793 llattin

99 1820 194 1879 (cornua
211 1817 296 1877 Hattin)
314 1820 417 1877 spectans
435 1817 495 1860 inter
513 1830 615 1861 occasum
630 1816 759 1861 brumalem
773 1820 794 1861 et
810 1817 931 1863 meridiem
943 1819 972 1863 ah

98 1890 154 1936 ostio
170 1888 273 1933 Iordanis
290 1889 314 1932 in
328 1889 403 1932 lacum
417 1887 561 1943 Genesaredr,
578 1903 603 1932 ex
617 1902 661 1947 quc
676 1892 751 1932 monte
764 1893 866 1948 aspectus
875 1893 937 1949 patet
948 1890 973 1934 in

97 1963 214 2019 regionem
225 1974 345 2005 amoenam
355 1963 377 2003 61
387 1960 426 2018 qui
433 1959 501 2003 simul
511 1958 542 2003 ita
550 1959 625 2003 forma
632 1961 654 2002 et
664 1958 785 2004 altitudine
793 1961 894 2020 reliquos
904 1961 973 2007 colles

97 2035 196 2093 superat,
209 2034 234 2077 ut
243 2031 325 2075 merito
336 2037 358 2075 τὸ
371 2034 417 2089 ὅρος
429 2045 485 2089 prae
495 2029 545 2075 aliis
554 2030 579 2074 in
589 2044 616 2074 ea
626 2030 720 2088 regione
734 2031 830 2097 dicatur.
846 2035 907 2077 Inter
917 2034 973 2078 duas

96 2103 180 2148 montis
199 2103 340 2147 summitates
357 2102 393 2146 vel
410 2116 495 2145 cornua
514 2116 572 2160 quae
589 2104 631 2146 100
649 2102 754 2160 passibus
771 2103 830 2147 inter
848 2118 870 2148 se
889 2104 973 2149 distant

97 2173 226 2220 extenditur
239 2187 342 2233 campus,
352 2173 446 2217 fortasse
455 2173 517 2217 locus
526 2172 565 2216 ille
575 2172 707 2232 campestris
717 2173 746 2217 de
756 2189 802 2232 quo
811 2177 881 2219 Lucas
890 2177 970 2231 retert3

32 2267 35 2275 ⁴
96 2247 148 2291 ride
161 2245 254 2301 Gare'r't'n,
267 2244 373 2289 Galilee'l
391 2261 414 2304 p.
432 2248 481 2289 193.
499 2246 603 2289 Ceterum
620 2245 643 2289 S.
661 2243 725 2290 Hier.
738 2245 797 2290 nihil
810 2245 865 2290 certi
882 2248 910 2291 de
921 2248 971 2292 loco

97 2318 206 2378 comperit
217 2331 269 2361 oum
280 2316 364 2361 scribat
375 2330 380 2361 z
395 2318 501 2376 putamus
512 2329 558 2360 esse
566 2316 604 2360 vel
617 2316 708 2360 Thabor
719 2317 755 2361 vel
765 2317 889 2375 quemlibet
902 2320 972 2363 alium

97 2391 209 2434 excelsum
218 2390 320 2432 montem
330 2387 355 2431 in
364 2386 474 2442 Galilaea3
486 2387 559 2431 solum
569 2386 643 2431 reiicit
656 2387 716 2446 quod
727 2388 833 2442 nonnulli
846 2388 971 2448 simplicio-

96 2476 149 2506 rum
165 2461 262 2504 fratrum
279 2458 399 2517 putabant,
419 2457 532 2502 Christum
545 2458 569 2500 in
586 2459 662 2500 monte
682 2456 762 2501 Oliveti
779 2458 885 2503 docuisse
899 2460 972 2506 heati-

96 2531 194 2577 tudincs.
211 2530 246 2574 Uti
263 2528 378 2587 legislatio
391 2528 475 2572 veteris
489 2527 587 2572 foederis
602 2527 628 2572 in
641 2531 718 2572 monte
734 2528 810 2585 fiebat,
828 2530 859 2575 ita
873 2532 972 2578 Christus

96 2618 186 2664 quoquo
204 2614 268 2647 suam
285 2593 361 2659 legem
375 2600 400 2644 in
416 2602 493 2644 monte
505 2599 652 2659 promulgare
669 2600 771 2656 volebat3
784 2601 824 2646 sed
838 2617 882 2661 quo
893 2603 972 2649 discri-

95 2675 173 2719 mine?
183 2673 216 2718 ihi
226 2687 300 2718 sermo
312 2671 384 2716 dictus
392 2675 425 2717 est
435 2687 476 2731 per
486 2671 580 2729 angelos
592 2670 667 2732 (Hehr.
683 2672 742 2732 23),
752 2672 790 2717 hio
803 2677 921 2719 enarratur
931 2690 971 2736 per

95 2747 171 2805 ipsum
186 2745 318 2802 Dominum;
335 2744 368 2788 ibi
384 2744 420 2788 lex
434 2744 538 2788 ordinata
554 2757 596 2803 per
608 2744 702 2801 angelos
714 2744 736 2787 in
752 2738 821 2789 manu
838 2746 971 2793 mediatoris

97 2817 152 2875 (Gal.
165 2816 240 2876 3‚19)‚
252 2816 289 2859 hio
301 2816 350 2875 ipse
366 2815 475 2860 Dominus
488 2821 522 2860 est
531 2818 611 2859 auctor
622 2818 644 2859 et
654 2815 777 2870 mediator;
791 2833 801 2856 a
811 2815 844 2860 ibi
854 2816 877 2860 in
888 2817 971 2862 tabulis

94 2887 192 2947 lapideis
214 2903 265 2933 eam
287 2886 412 2946 descripsit,
430 2886 469 2931 hic
489 2902 543 2932 vero
563 2889 722 2931 testamentum
743 2901 828 2931 novum
847 2889 971 2934 secundum

95 2957 223 3013 larentiam,
238 2958 266 3001 de
280 2972 325 3017 quo
338 2958 430 3018 inquit:
446 2959 545 3003 scribam
554 2959 617 3017 leges
628 2972 691 3002 meas
701 2957 726 3001 in
739 2957 846 3004 cordibus
857 2975 935 3004 eorum
950 2962 971 3004 et

93 3031 118 3076 in
136 3044 205 3075 sensu
221 3043 301 3073 eorum
315 3029 414 3074 scribam
429 3044 465 3074 eas
482 3030 581 3090 (31,33);
602 3029 735 3088 ibidemque
755 3032 818 3090 quasi
837 3046 920 3086 servos,
933 3030 971 3074 hic

94 3106 170 3147 autem
187 3100 254 3161 quasi
270 3100 329 3145 filios
342 3092 435 3155 affatum
452 3101 514 3145 unde
531 3101 589 3145 miro
603 3101 715 3160 principio
728 3116 781 3148 usus
794 3102 842 3147 illio
856 3117 869 3146 a
882 3105 969 3146 terrore

93 3172 182 3235 incipit,
200 3172 239 3218 hic
262 3186 316 3217 vero
337 3186 350 3215 a
370 3170 524 3226 beatitudinc3
542 3171 590 3216 illic
605 3186 704 3233 namque
719 3173 804 3233 po'enas
820 3173 916 3231 irrogat,
933 3171 970 3218 hic
