2239 3511
138 249 177 288 aaa
330 298 331 301 Ἰ
512 233 635 292 tranare,
653 241 720 280 reso.

137 341 241 395 indixit,
253 340 381 399 increpavit
393 340 459 383 minis
475 339 568 393 additis,
584 355 612 383 ue
626 330 772 398 rrzuuisestnnc
786 352 836 382 eccm
849 338 965 396 sererent,
978 350 1006 381 ne
1045 348 1046 351 ’

136 410 183 453 scil.
197 411 244 454 istis
255 411 371 455 miraculis
382 413 403 454 et
412 410 529 454 beneficiis
539 410 627 455 excitati
640 425 736 470 cumque
746 412 863 468 tamquam
874 407 976 467 llessiam
986 408 1007 450 et

135 494 214 537 regem
231 481 395 541 proclamantes
412 484 556 540 praepostere
569 485 680 540 augerent
693 482 823 525 animorum
835 478 1006 524 concitationem

135 553 157 594 et
167 542 247 597 falsam
265 552 329 597 illam
343 553 445 597 foverent
464 554 652 612 exspectationem
669 552 888 611 regnitemporalis3
908 550 961 594 vide
978 547 1006 593 ad

135 626 172 675 &t
184 627 206 667 et
217 627 276 667 loon.
288 628 350 678 6,15.
364 626 388 667 ln
397 624 439 668 hac
449 638 541 683 quoque
552 624 716 683 prohibitione,
726 625 752 667 ut
762 623 832 667 Eutlt.
843 623 918 678 notat,
929 632 1006 664 curam

134 692 204 754 habet
215 696 372 750 aegrotorum,
385 693 409 738 id
418 696 451 738 est
460 709 540 739 eorum
550 696 589 755 qui
599 695 681 740 animis
691 697 711 739 et
721 709 760 755 spe
767 694 845 741 fallaci
854 693 919 749 aegri
930 694 1004 743 erant,

135 765 156 806 et
168 764 280 808 invidiam
295 765 382 810 devitat
394 764 567 825 pharisaeorum
581 767 618 810 vel
632 767 711 811 saltem
724 765 786 810 tollit
798 765 946 822 augmentum
961 760 1005 805 odii
1045 818 1046 821 Ἰ

70 862 72 866 ψ
135 837 156 877 et
168 834 268 880 invidiae
282 836 342 895 (eat.
357 836 429 895 raa).

164 907 268 949 Cernitur
283 907 361 964 itaque
378 906 475 951 maxima
493 907 573 950 Christi
588 903 673 951 lenitas
688 910 710 950 et
725 907 886 959 mansuetudo,
908 896 1006 948 connitur

134 975 182 1018 eius
190 976 293 1026 *studium
303 976 419 1020 devitandi
431 978 551 1037 strepitum
561 992 586 1022 ac
596 972 770 1039 concitationem
780 978 924 1036 popularem,
936 974 1005 1019 cerni-

95 1098 97 1103 ·
134 1040 171 1089 tur
180 1061 271 1106 quoque
284 1037 333 1092 eius
341 1049 367 1092 in
377 1048 482 1108 inimicos
490 1049 624 1106 sanguinem
634 1049 681 1092 eius
692 1049 791 1093 sitientes
802 1047 930 1099 clementia;
946 1045 1005 1093 uude
1070 1054 1072 1057 '

134 1121 238 1175 apertum
247 1121 279 1162 est
290 1122 364 1163 lesum
374 1119 398 1162 in
409 1134 431 1163 se
441 1117 509 1164 illam
519 1120 618 1179 perfecte
632 1120 757 1178 exprimere
768 1120 863 1178 speciem
872 1133 899 1181 avc
907 1118 1003 1161 formam
1062 1115 1064 1118 ’

134 1203 205 1247 quam
213 1189 240 1232 de
248 1190 322 1233 Messio
329 1190 397 1234 Isaias
408 1184 529 1250 descripsit
536 1194 586 1246 t2‚1
594 1206 643 1250 seq.
652 1203 656 1243 3
666 1190 759 1250 opponit
767 1190 844 1249 itaque
855 1188 1002 1245 evangelista,

133 1261 158 1302 ut
166 1260 256 1304 animos
264 1262 397 1320 aequalium
405 1275 481 1305 amore
493 1276 519 1305 ac
526 1262 654 1305 reverentia
662 1265 709 1306 lesu
717 1261 817 1315 imbuat,
828 1252 954 1320 pharisaeis
961 1259 1004 1302 illis

135 1331 211 1374 caedis
227 1346 253 1375 ac
266 1333 384 1389 sanguinis
398 1332 486 1391 cupidis
501 1333 626 1390 imaginem
642 1333 724 1391 pietate
739 1336 761 1376 et
778 1333 898 1376 clementia
913 1331 1004 1390 plenam

135 1415 205 1459 quam
221 1418 235 1446 a
250 1404 365 1462 propheta
383 1402 497 1462 depictam
510 1403 533 1446 in
550 1406 597 1447 lesu
611 1407 706 1447 cernunt
718 1404 788 1463 plane
800 1404 878 1447 iisdem
891 1394 1004 1445 coloribus

111 1516 114 1520 ,
134 1472 269 1526 enhiloitan13
281 1489 302 1519 v.
314 1478 343 1518 17
353 1481 379 1518 ct
388 1473 552 1533 adimpleretur
561 1474 624 1532 qued
632 1473 717 1517 itteram
728 1482 761 1518 est
766 1488 810 1532 per
819 1474 901 1517 [scient
910 1473 1004 1531 proplie-

134 1550 180 1585 tam
198 1543 308 1588 dicentem
322 1560 344 1588 v.
361 1547 388 1588 18
401 1558 450 1588 ecee
461 1559 522 1603 puer
535 1559 596 1588 uteres
606 1541 616 1585 ὁ
628 1546 677 1593 παῖς
691 1559 738 1602 μου,
753 1545 787 1588 ita
799 1547 857 1599 LXX,
873 1543 940 1587 hebr.
957 1546 1003 1603 ’ψ

133 1627 211 1657 servus
225 1629 297 1669 meus,
312 1630 359 1674 quo
373 1629 438 1659 sensu
450 1618 501 1663 παῖς
510 1630 566 1674 puer
575 1614 638 1659 haud
649 1630 699 1659 raro
712 1615 842 1670 adhibetur,
855 1617 923 1675 quein
934 1614 1001 1673 alepi,

134 1683 229 1729 dilectus
236 1700 296 1729 urens
306 1686 331 1730 tu
339 1701 383 1745 qao
394 1685 446 1730 bene
456 1686 595 1745 eonrplaeut't
602 1686 694 1731 ceterae
703 1701 779 1741 meuc,
788 1686 923 1746 quae'verba
934 1686 1003 1742 magis

134 1756 245 1800 accedunt
259 1757 286 1801 ad
301 1760 390 1801 textum
399 1757 465 1801 hebr.
481 1761 508 1801 ls.
524 1762 584 1813 t2‚1;
603 1757 657 1801 vide
674 1772 749 1803 meum
766 1760 890 1802 Commeat.
903 1756 928 1800 in
944 1760 970 1818 ¹⁵7
987 1758 1003 1800 ll

132 1840 155 1884 p.
169 1831 211 1870 103
222 1842 266 1885 seq.
275 1840 279 1880 ;
288 1842 375 1887 pronam
385 1828 489 1887 spiritum
501 1843 575 1871 ruerent
585 1842 654 1887 super
663 1843 724 1883 erint,
735 1831 791 1872 Lxx
811 1820 877 1869 ἔδωκα
889 1826 915 1868 τὸ
925 1829 1002 1884 πνεῦμά.

135 1896 214 1953 poo'tu'
227 1894 295 1952 chetim
308 1899 375 1942 hebr.
388 1898 446 1942 dedi.
458 1902 487 1943 Et
497 1901 561 1942 olleo
570 1899 655 1942 electus
663 1902 684 1942 et
694 1899 793 1943 niaxime
802 1898 894 1943 dilectus
902 1901 925 1941 et
934 1898 1004 1957 pleni-

133 1969 213 2012 tudine
232 1969 321 2028 spiritus
344 1968 415 2012 divini
433 1971 538 2029 perfusus
557 1969 667 2014 iudicium
680 1969 783 2029 pratalias
797 1969 922 2023 licentiabit,
936 1970 1001 2014 hebr.

133 2039 204 2102 unnim
218 2040 252 2083 ius
262 2043 283 2083 et
292 2055 397 2084 normam
407 2042 473 2097 recti,'
482 2040 507 2084 id
517 2041 577 2099 quod
588 2055 666 2085 coram
674 2044 717 2085 Deo
726 2042 813 2085 iustum
824 2057 848 2085 ac
858 2043 947 2085 rectum
960 2045 1002 2093 est;

132 2101 229 2169 proinde
245 2111 317 2168 legem
332 2126 360 2155 ac
377 2110 505 2155 doctrinam
521 2113 558 2154 Dei
573 2111 652 2170 (Elath.
670 2112 766 2171 Theoph.
781 2111 855 2157 Thena
870 2110 924 2155 Feb.
937 2112 1001 2155 Dion.

133 2182 193 2224 lunc
210 2180 302 2241 illalct.);
317 2181 474 2227 eodemmodo
492 2182 577 2241 explica
587 2184 652 2241 κρίσιν
662 2197 728 2241 quam
745 2184 889 2226 vocem'LllX
902 2184 924 2225 et
937 2197 1003 2226 evan-

132 2252 214 2309 gelista
227 2251 318 2297 hahent.
338 2252 481 2297 Conte‘ndunt
496 2252 588 2311 quidem
601 2252 675 2312 aliqui
685 2250 746 2312 κρίσιν
755 2253 782 2296 in
798 2267 855 2296 novo
870 2255 1003 2297 testamento

131 2338 176 2367 non
191 2323 236 2367 dici
248 2314 291 2367 nisi
302 2324 330 2368 de
343 2323 427 2367 iudicio
446 2338 514 2368 sensu
530 2324 623 2379 forensi,
642 2324 670 2367 de
689 2324 875 2379 condemnatione
893 2327 1003 2383 etpoena

115 2410 116 2414 ¹
134 2394 169 2453 (cl.
194 2395 285 2452 Weissh
307 2398 330 2439 at
350 2395 451 2454 protecto·
464 2396 510 2439 hoc
523 2395 571 2439 loco
588 2394 724 2452 significatio
736 2395 836 2453 'petenda
849 2397 881 2438 est
896 2410 923 2437 er
935 2397 1004 2439 Isaiae

132 2466 216 2509 verbis
228 2467 329 2508 Ceterum
338 2466 363 2508 in
373 2465 421 2508 iure
428 2466 474 2519 Dei,
485 2466 511 2508 in
517 2479 595 2509 norma.
604 2467 627 2508 et
634 2465 686 2521 lege
694 2465 770 2508 divina
778 2479 824 2523 qua
832 2464 937 2509 statuitur
945 2465 1003 2525 quod

110 2591 112 2595 ‚
132 2538 220 2579 rectum
231 2537 253 2578 et
264 2535 350 2578 iustum
362 2538 394 2578 est
408 2536 476 2579 etiam
488 2536 615 2578 continetur
626 2534 735 2579 iudicium
746 2550 792 2594 quo
807 2535 930 2580 secundum
941 2537 1002 2582 illam

132 2621 238 2651 normam
248 2606 333 2663 singuli
342 2597 541 2659 diiudicabuntur3
555 2620 625 2665 quare
636 2606 674 2649 alii
684 2606 745 2650 haud
758 2607 871 2651 immerito
880 2610 1003 2667 utrumque

132 2678 228 2738 exprimi
241 2681 331 2722 censent
348 2677 424 2734 (Eruli.
439 2677 542 2736 Schepq,
556 2678 659 2731 aetam,
673 2677 734 2738 Fut

162 2753 209 2793 lam
228 2748 363 2793 describitur
378 2763 422 2807 qua
436 2748 573 2793 rationeille
586 2750 706 2794 iuncturus
721 2750 749 2794 sit
763 2764 857 2794 munere
871 2749 1002 2807 proterendi

118 2821 165 2873 ius
177 2821 217 2864 Dei
230 2836 251 2864 v.
270 2825 295 2864 19
306 2835 354 2864 nen
368 2820 485 2864 corttenctet
498 2834 569 2880 neque
585 2819 696 2865 clamabit
708 2835 782 2880 nepote
793 2820 869 2863 eztdtct
880 2818 965 2879 aliquis
979 2822 1007 2878 zit-

128 2890 214 2950 plateis
225 2905 297 2934 uocem
308 2892 367 2948 eirea·
377 2892 498 2936 concordat
509 2906 558 2935 oum
567 2892 644 2946 hebr,
654 2891 778 2935 dummodo
791 2899 832 2953 ppt
843 2888 941 2936 clamare
952 2907 1002 2936 con-

133 2953 250 3021 querendo
264 2962 360 3020 explices
376 2963 452 3017 latrari,
474 2963 616 3019 contendera·
635 2962 727 3005 humilis
746 2961 825 3019 itaque
840 2962 882 3007 erit
901 2966 924 3007 et
941 2966 1001 3007 tran-

132 3034 228 3093 quillus,
241 3031 300 3076 mitis
310 3036 332 3075 et
341 3037 482 3089 mansuetus,
501 3034 529 3077 ab
543 3035 604 3087 omni
620 3047 707 3091 pompa
717 3024 738 3076 et
747 3034 895 3078 ostentatione
905 3035 998 3079 alienus.

133 3106 184 3149 Eius
195 3104 328 3149 clementiae
340 3107 461 3159 cognatum
475 3107 509 3149 est
517 3141 522 3160 ,
531 3103 661 3155 uadentes,
669 3102 781 3159 infirmos,
792 3105 1000 3165 afflictospeouliari

134 3191 188 3220 cura
204 3176 279 3220 foveat
296 3191 318 3222 v.
342 3179 371 3219 20
387 3175 521 3219 attinentem
544 3180 674 3233 quassatam
690 3188 734 3219 nen
748 3176 875 3235 eoufhu'npet
890 3185 913 3220 et
929 3176 999 3220 linum
1059 3228 1062 3236 .
