2239 3511
102 158 104 163 .
157 182 183 222 94
483 184 558 236 irasmi.
575 176 593 224 l,
611 177 642 214 li.

89 380 91 384 .
185 328 210 369 ln
228 328 300 369 v.‘17
315 326 361 367 tres
378 322 533 384 periodi,'tres
551 326 725 384 distinguuntur
742 314 888 384 gubernandi
901 324 983 379 modi,
998 325 1034 369 iu·
1069 377 1070 380 Ἰ

154 395 242 450 dicum,
257 408 348 451 regum,
363 395 507 440 sacerdotum
522 396 560 456 (cf.
577 398 647 443 Eruli.
664 396 762 456 l'lieopb.
777 413 812 456 op,
825 398 880 457 imp.
892 398 954 441 icae.
966 395 1012 454 Syl
1029 430 1033 440 .

125 459 127 461 ¹
155 466 266 526 Sabaria),
276 468 358 526 triplex
369 468 446 526 itaque
455 468 555 511 cerbitur
562 468 670 518 historiae
678 468 758 528 populi
766 470 805 513 Dei
813 470 927 514 distinctio
938 468 1028 528 (Pascl.

154 537 219 598 aed.)
240 542 262 583 et
279 554 415 599 unaquaque
434 536 536 598 periodo
545 537 761 599 populusmoribus
780 541 825 585 suis
843 541 896 584 satis
914 555 1029 600 superque

155 609 252 653 ostendit
269 613 408 670 quantopere
424 624 480 669 opus
496 610 607 655 haberent
623 611 713 655 doctore
730 611 816 655 Christo
827 614 849 655 et
867 612 971 655 adiutore
992 611 1029 671 (f.

154 681 177 724 S.
191 681 270 740 Glu'ps.
286 680 400 741 Tbeopla).
410 681 502 741 Triplici
513 682 591 742 itaque
600 685 660 727 statu
671 682 810 742 reipublicae
823 685 868 727 tres
877 683 930 734 illae
942 682 1032 741 periodi

154 752 208 796 satis
222 753 281 797 inter
297 767 319 797 se
336 753 516 810 distinguuntur.
535 753 633 799 Adnotat
649 753 720 798 alala.
736 755 855 798 convenire
873 753 1031 811 evangelicam

155 838 246 882 quoque
265 825 396 884 parabolam
413 828 465 868 Luc.
484 829 586 879 aee-rt,
605 825 645 868 ubi
659 824 765 869 dominus
782 825 821 870 ille
837 826 915 870 vineae
930 825 1043 884 triplices.

154 893 184 937 ad
194 896 344 953 repetendum
353 896 453 939 fructum
463 896 523 939 misit
536 910 623 949 servos,
642 895 682 954 qui
697 910 748 939 cum
761 896 819 939 nihil
832 889 957 941 effecissent
969 896 1031 939 misit

154 964 184 1008 ad
193 968 318 1009 extremum
333 966 408 1009 filiurn
418 980 492 1018 suurn.
504 969 604 1011 liabens
617 980 695 1010 omnes
705 967 769 1025 quasi
778 967 826 1011 vias
835 967 940 1020 tentavit,
952 970 978 1009 ut
989 981 1031 1025 po-

153 1034 234 1095 pulum
245 1052 311 1081 suum
324 1038 347 1080 in
366 1036 441 1081 officio
457 1037 588 1081 contineret.
607 1037 709 1082 Advertit
723 1036 786 1097 Sylv.
799 1028 826 1082 in
834 1052 973 1098 unaquaque
986 1040 1030 1081 tes-

153 1107 290 1151 saradecade
305 1108 418 1165 insignem
435 1109 609 1166 promissionem
623 1108 651 1153 de
667 1108 743 1152 llessia
756 1122 802 1152 esse
816 1109 902 1163 datam3
917 1108 1032 1167 inprime

153 1178 281 1233 Abrabam,
298 1179 323 1222 in
337 1180 409 1222 altera
423 1179 503 1233 David,
519 1180 545 1223 in
557 1180 624 1224 tertia
636 1187 677 1240 per
686 1182 805 1237 Aggaeum
816 1183 837 1223 et
849 1180 982 1224 Zachariam
993 1183 1031 1223 Zo-
1095 1223 1097 1235 .

153 1249 256 1293 robabeli
272 1249 324 1294 duci
341 1250 408 1294 leidae
418 1252 440 1294 et
449 1264 538 1294 summo
549 1251 667 1295 sacerdoti.
680 1251 787 1309 Explicite
800 1254 878 1294 monet
892 1250 1031 1307 evangelista

152 1321 177 1364 in
189 1336 327 1380 unaquaque
340 1320 434 1381 periodo
453 1321 626 1380 quatuordecim
644 1335 690 1367 esse
706 1322 871 1379 generationes.
883 1325 927 1366 Gur
937 1327 1031 1365 castam
1089 1368 1090 1375 ἵ

154 1392 275 1449 diligenter
288 1394 415 1447 enumeret,
431 1385 509 1436 variae
524 1394 623 1437 rationes
633 1392 767 1437 afferuntur.
779 1392 862 1436 Exilior
873 1392 963 1437 videtur
972 1391 1030 1436 ratio
1040 1401 1044 1412 ”

152 1463 192 1506 illa
202 1478 260 1522 quae
272 1455 358 1522 placuit
370 1463 443 1508 Galba.
457 1465 521 1507 Patr.
535 1463 559 1507 id
568 1463 621 1507 'fieri
633 1478 678 1523 quo
690 1463 905 1511 memoriaemelius
917 1463 998 1506 consul
1012 1467 1029 1514 t,

153 1534 248 1578 forsitan
265 1536 333 1578 etiam
353 1537 379 1578 ut
398 1534 565 1578 obsecundetur
583 1536 659 1592 gustui
674 1534 809 1579 ludaeorum
826 1548 882 1594 quos
898 1533 1032 1578 huiusmodi

152 1619 300 1649 numerorum
317 1605 436 1663 analogiae
450 1608 472 1648 et
485 1607 643 1665 proportiones
660 1605 778 1650 delectent.
798 1605 911 1650 Meliorem
930 1605 1032 1649 reddidit

154 1677 217 1730 Cui,
229 1691 257 1720 ne
268 1677 316 1720 scil.
326 1676 447 1736 quisquam
458 1679 548 1735 putaret
557 1677 632 1736 ipsum
643 1692 668 1721 ex
677 1677 791 1720 oblivione
802 1676 889 1736 aliquid
899 1676 1030 1735 reliquisse;

152 1747 248 1807 proinde
261 1748 394 1792 omissiones
407 1761 453 1791 esse
466 1748 568 1791 consulto
583 1749 653 1792 factas
663 1750 685 1791 et
695 1762 721 1791 ex
731 1747 842 1792 industria
853 1747 911 1808 (sim.
925 1746 968 1805 Syl
985 1746 999 1806 .)
1009 1750 1032 1791 et

152 1822 212 1862 certe
230 1818 285 1862 addi
300 1818 368 1862 debet
385 1832 437 1863 cum
454 1818 526 1862 Malu.
543 1819 567 1861 in
584 1819 627 1863 ista
643 1818 779 1876 aequalitate
792 1822 814 1862 et
830 1819 854 1862 in
870 1819 918 1878 ipso
934 1831 1031 1861 numero

151 1889 329 1947 intelligendum
345 1904 391 1934 esse
405 1888 493 1948 aliquid
507 1890 597 1934 subesse
613 1889 722 1947 mysterii.
739 1892 828 1933 Poterat
844 1904 869 1933 ex
882 1890 931 1948 ipsa
947 1903 1029 1947 aequa«

151 1961 215 2005 litate
233 1961 296 2005 haud
309 1956 493 2021 improbabiliter
512 1961 618 2005 concludi
638 1962 684 2004 iam
700 1975 785 2004 novum
801 1961 885 2004 instare
902 1974 980 2003 rerum
996 1974 1031 2003 or-

78 2062 80 2064 *
118 2068 120 2072 ,
135 2072 137 2075 .
152 2033 237 2076 dinem.
252 2035 309 2077 Nam
322 2032 351 2076 ab
364 2027 543 2091 Abraham'post
558 2036 585 2075 tt
600 2032 758 2089 generationes
771 2032 869 2090 populus
881 2030 965 2075 Davide
976 2044 1030 2086 rege

117 2098 120 2102 ⁴
152 2105 175 2146 in
185 2117 271 2147 novum
283 2103 448 2160 melioremque
459 2101 563 2146 ordinem
577 2105 608 2146 est
619 2102 733 2154 redactus;
745 2116 830 2158 magna
837 2102 921 2145 iterum
934 2101 1031 2144 mutatio

151 2174 211 2218 facta
229 2177 262 2218 est
279 2176 329 2233 post
348 2178 374 2218 lt
389 2174 545 2230 generationes
566 2172 716 2232 :respublica
734 2175 767 2216 est
786 2173 895 2232 collapsa;
916 2173 962 2215 iam
978 2174 1031 2230 post
1056 2228 1057 2231 Ἰ

152 2247 243 2289 ruinam
253 2246 337 2289 factam
353 2246 437 2289 iterum
450 2243 631 2304 decimaquarta
647 2244 732 2288 exsistit
747 2245 875 2301 generatim
891 2257 947 2300 ergo
958 2257 1030 2286 novus

152 2331 230 2361 rerum
240 2317 306 2371 ordo,
323 2331 409 2374 magna
425 2315 539 2374 quaedam
553 2316 681 2360 immutatio
698 2316 748 2359 iure
764 2315 855 2359 videtur
868 2313 1029 2374 exspectanda.

152 2392 198 2432 lam
211 2392 338 2447 quaenam?
354 2391 415 2432 certe
432 2401 478 2430 non
493 2387 538 2430 alia
551 2387 596 2430 nisi
611 2401 669 2445 quae
685 2387 870 2444 promissaerat,
890 2385 938 2429 scil.
953 2387 978 2427 ut
996 2388 1031 2427 ta-

152 2460 302 2503 bernaculum
321 2459 393 2502 David
414 2457 477 2516 quod
492 2458 572 2501 cecidit
591 2458 726 2514 erigeretur,
742 2459 767 2500 ut
784 2471 866 2500 corona
883 2456 970 2500 abiecta
986 2470 1029 2514 per

154 2536 181 2576 lt
195 2530 354 2588 generationes
367 2530 388 2573 ei
401 2528 494 2573 daretur
509 2528 572 2572 cuius
589 2531 622 2573 est
637 2528 672 2572 ius
685 2526 742 2587 (Am.
762 2532 822 2584 9,11.
835 2530 872 2572 En.
887 2526 974 2586 anai).
993 2528 1028 2570 Si-

153 2603 236 2647 militer
247 2604 303 2662 Lop.
319 2601 438 2646 existimat.
683 2601 685 2606 '
1042 2598 1043 2601 ’

178 2730 202 2768 In
212 2729 266 2780 ipsis
280 2740 363 2780 quoque
375 2728 470 2768 numeris
480 2727 568 2779 mystice
579 2726 714 2779 explanandis
725 2726 818 2765 meltum
829 2728 941 2765 versantur
951 2725 972 2764 S.
989 2725 1032 2765 Aa·

152 2794 251 2848 gustinus,
263 2794 288 2833 de
302 2806 358 2833 cons.
371 2805 444 2845 evang.
459 2795 500 2841 Qd.
516 2794 574 2841 S-ll,
586 2792 635 2833 Rae.
649 2804 680 2844 op.
695 2794 743 2843 trop.
759 2795 798 2831 rot.
814 2791 883 2830 Tiora.
897 2790 971 2829 Pescla.
989 2792 1031 2830 etc.

152 2859 349 2900 Probabilissimum
363 2858 429 2899 estin
444 2858 654 2910 regenerationibus
668 2857 765 2897 consulto
778 2855 860 2895 selectis
874 2866 986 2895 numerum
997 2867 1031 2894 sa-

153 2938 212 2966 crum
222 2926 366 2977 septenarium
377 2925 466 2977 spectari
476 2924 608 2977 geminatum
619 2923 699 2977 (Pescla.
711 2923 760 2973 Lep.
770 2919 862 2974 Sedena).
874 2920 966 2961 Celebris
978 2932 1031 2971 quo-

153 2993 237 3045 quaest
252 2992 355 3031 sententia
369 3003 411 3043 qna
422 2993 447 3030 la
459 2991 606 3043 generationes
619 2989 769 3040 comparantur
784 2998 833 3027 cum
846 2989 871 3027 m
884 2986 1031 3026 mansionibus

152 3059 246 3098 filiorum
256 3056 319 3096 lsrael
328 3056 350 3095 in
361 3057 451 3096 deserto.
461 3056 509 3095 Filii
524 3055 581 3095 enirn
590 3055 655 3094 Israel
664 3054 713 3104 post
725 3054 749 3092 m
763 3052 882 3093 mansiones
890 3053 1032 3104 pervenerunt

152 3125 177 3165 ad
188 3127 267 3165 terram
281 3121 410 3175 promissam
424 3123 445 3160 et
457 3120 609 3167 hereditatem,
621 3120 761 3171 pervenerunt
770 3119 796 3159 ad
809 3119 884 3159 ducem
897 3115 1033 3176 Iesntlosuel

155 3188 190 3240 qui
204 3200 238 3229 eos
253 3187 380 3237 introduxit;
395 3185 425 3226 ita
438 3197 476 3238 per
489 3187 514 3225 m
529 3185 675 3237 generationes
690 3184 783 3225 christus
798 3184 823 3225 ad
836 3195 874 3224 nos
889 3182 999 3224 descendit
1012 3182 1033 3221 et
