2211 3575
430 199 508 235 aaran.
525 190 544 236 a,
561 189 629 229 ra-rr.
679 165 680 168 ’
913 199 914 209 ’
935 199 973 239 aaa

108 339 110 342 Α
123 290 180 340 Quid
190 304 254 344 vero,
268 290 286 336 si
296 290 328 335 illi
342 290 380 349 qui
390 293 444 335 sunt
453 290 576 336 illuminati
591 294 612 336 et
621 293 770 349 gustaverunt
780 290 867 336 donum
877 293 971 339 coeleste

95 360 168 419 (Hebr.
184 361 229 422 (ib)
243 377 256 406 a
266 362 383 422 praeclara
392 377 433 408 sua
448 363 560 426 dignitate
569 363 715 409 exciderunt?
729 362 793 424 qerod
800 363 822 412 tt
830 364 867 409 sal
875 379 971 409 coercue-

92 432 122 476 rit
137 434 172 477 vel
180 434 315 479 infatuatum
330 434 399 478 fcerit
419 434 460 494 (uti
480 435 560 494 legunt
569 436 593 479 S.
610 435 699 480 Ulcera.
711 437 770 495 dep.
792 435 841 480 He'l.
864 437 889 480 iel
908 436 974 496 quod

89 510 164 566 magis
174 511 279 555 convenit
287 512 315 556 ad
325 509 429 571 propritim
443 512 542 556 alterum
551 512 657 570 supponit
666 509 765 571 papavtn)
776 513 792 557 i.
805 528 825 557 e.
837 515 856 557 si
865 528 970 574 saporem

89 583 111 624 et
118 582 267 626 acrimoniam
274 584 385 638 amiserit,
397 583 422 626 ia
431 598 476 641 quo
484 582 593 626 selectim?
602 583 617 625 i.
629 597 648 626 e.
660 597 705 640 qua
713 598 738 627 re
747 584 796 642 ipse
804 584 837 626 sal
848 588 968 643 corruptus

83 641 111 695 'et
121 652 231 713 insipidus
241 654 332 699 salietur
341 656 363 698 et
373 653 403 697 ad
411 654 535 712 pristinum
547 667 650 712 saporem
658 654 818 699 revocabitur?
828 670 874 699 non
885 655 969 699 exsistit

89 723 146 768 alius
161 724 197 769 sal
209 741 254 785 quo
267 725 375 770 reddatdr
389 724 490 784 sapidus.
505 726 538 767 lta
549 738 595 769 esse
610 739 661 769 cum
676 726 790 785 plerisque
807 726 968 785 explicandum

90 795 122 852 (S.
133 797 194 840 Hier.
204 797 284 841 Pescla.
298 796 345 842 Coi.
355 797 417 840 lens,
428 794 500 841 ruald.
511 794 655 855 Laelapem),
667 799 728 855 patet
737 811 818 856 exseq.
830 797 862 841 ud
870 797 968 860 tribilion

89 867 149 910 celet
159 868 220 912 ultro
230 871 284 924 etc.;
296 883 353 927 quae
364 868 490 912 sententiae
500 882 545 912 non
561 870 612 927 apte
625 867 815 925 subiungeretur‚
831 870 849 912 si
865 870 967 928 quaestio

89 940 145 982 esset
154 939 228 998 posita
238 954 243 982 z
254 955 299 999 qua
307 955 331 984 re
341 940 440 999 populus
450 938 544 984 salietur
558 939 599 999 (uti
612 938 684 998 aliqui
694 955 745 984 cum
758 940 783 984 S.
799 939 876 985 11111111,
893 941 966 984 conci·
1021 939 1024 947 ’

87 1009 170 1070 piunt),
186 1013 300 1062 Quaerunt
311 1012 379 1055 fietne
392 1012 426 1055 sal
439 1025 519 1056 revera
532 1011 621 1055 fatuus?
634 1010 748 1055 affirmant
761 1011 843 1071 pauci,
860 1012 965 1071 plerique

88 1085 181 1138 negant.
197 1085 274 1126 Utrum
291 1097 369 1126 verum
384 1084 423 1138 sit,
440 1082 500 1126 nihil
515 1082 539 1125 in
556 1097 582 1127 ea
592 1083 759 1141 comparatione
774 1083 878 1128 interest.
896 1086 964 1139 Nam,

88 1154 113 1194 ut
122 1153 168 1196 iam
177 1153 229 1198 cat.
241 1156 326 1208 monet,
334 1171 349 1210 ⁴u
362 1153 524 1197 conditionalis
534 1147 575 1197 ista
585 1154 605 1197 si
614 1153 647 1197 sol
656 1153 782 1211 infatuatus
792 1154 872 1210 sereret,
885 1155 909 1198 ic
919 1169 964 1213 qao

87 1222 182 1267 salietur·
195 1226 228 1268 est
239 1239 303 1280 vera,
319 1224 408 1268 etiamsi
421 1223 558 1268 antecedens
568 1225 596 1269 sit
604 1224 743 1287 impossibile
753 1220 841 1270 scilicet
849 1226 920 1270 salem
928 1226 964 1269 in-

87 1294 172 1338 sulsum
181 1295 386 1352 esse3significatur
393 1294 457 1339 enim
463 1294 525 1353 quod
532 1295 550 1338 si
558 1295 649 1340 effectus
657 1287 837 1349 fueritinsulsus,
847 1296 870 1339 in
878 1310 923 1354 quo
930 1311 964 1340 sa·
1012 1314 1013 1317 ¹

86 1364 169 1409 lietur‘l
176 1366 240 1425 quasi
247 1365 337 1410 dicatin
346 1365 420 1420 nullo3
430 1365 531 1410 salenim
538 1366 556 1409 si
564 1366 661 1410 insulsus
667 1365 735 1410 fuerit
742 1366 831 1410 nullam
839 1381 887 1410 rem
895 1366 965 1411 habet

87 1450 132 1494 qua
145 1436 193 1496 ipse
209 1436 315 1494 saliatur3¹
327 1452 362 1481 res
375 1438 433 1481 aliae
447 1437 546 1481 insulsae
562 1440 655 1496 possunt
669 1437 714 1481 sale
731 1437 831 1492 condiri,
848 1437 897 1497 ipse
910 1452 963 1497 vero

87 1507 118 1550 sal
132 1507 151 1550 si
164 1508 280 1552 evanuerit
294 1524 307 1552 a
323 1524 362 1553 sua
376 1508 491 1552 salsedine
506 1523 551 1552 non
567 1509 637 1552 habet
653 1523 697 1567 quo
712 1508 834 1553 condiatur
846 1527 866 1552 ».
879 1510 902 1553 Si
912 1510 963 1568 quis

87 1578 147 1621 enim
165 1582 285 1638 postquam
303 1580 406 1624 doctriua
424 1579 506 1623 Christi
523 1582 555 1622 est
570 1579 670 1623 imbutus
684 1579 713 1623 ab
729 1595 755 1624 aa
774 1580 883 1629 defecerit
899 1595 962 1625 eam-

86 1663 130 1706 que
143 1651 229 1709 spernit
243 1666 268 1695 ae
282 1650 376 1706 fastidit,
392 1666 439 1694 non
454 1650 536 1695 exsistit
549 1650 594 1695 alia
607 1650 635 1695 ab
650 1665 676 1694 ea
689 1650 794 1695 distincta
810 1665 856 1709 qua
869 1654 961 1715 sapetur

86 1722 107 1762 et
117 1721 147 1764 ad
159 1724 246 1766 rectum
254 1724 367 1766 tramitem
375 1722 507 1766 reducatur.
516 1721 610 1767 Unicum
617 1721 742 1766 remedium
750 1722 892 1781 repucliavit3
902 1738 961 1782 quae

86 1804 141 1847 e1²go
151 1806 201 1851 spes
210 1781 359 1851 relinquitur?
368 1792 454 1836 Eodem
467 1790 536 1835 modo
550 1792 654 1848 arguitur
663 1791 729 1835 Hebr.
741 1795 778 1847 bb
790 1805 837 1849 seq.
849 1795 870 1835 et
884 1797 961 1847 ’1036-

86 1866 124 1917 293
140 1866 161 1906 et
172 1860 341 1922 'comparatione
356 1863 402 1907 alia
415 1863 478 1907 idem
490 1862 617 1907 iliustretur
631 1866 666 1907 Ec.
685 1867 763 1918 ssat-5
780 1876 784 1906 z
805 1863 862 1922 quid
876 1863 915 1908 fiet
933 1863 961 1908 de

85 1934 149 1990 ligno
163 1933 227 1978 vitis?
240 1935 259 1978 si
268 1936 328 1979 enim
340 1935 391 1979 vitis
400 1935 448 1979 iam.
460 1948 506 1979 non
517 1934 582 1979 affert
591 1931 699 1988 fructum,
712 1934 802 1992 lignum
814 1937 847 1978 est
858 1936 961 1987 oninium

85 2006 182 2049 maxime
198 2006 284 2049 inutile.
300 2010 354 2050 Vere
370 2007 414 2049 fert
431 2005 582 2065 proverbium
599 2020 603 2050 ε
622 2006 736 2064 corruptio
752 1997 958 2066 optimipcssinia.

85 2066 223 2121 Proindeut
238 2081 330 2121 caveant
347 2065 367 2121 et
386 2077 465 2121 sedulo
486 2076 572 2121 donum
594 2080 712 2136 acceptum
733 2080 834 2131 servent,
853 2078 959 2122 miseram

84 2151 238 2207 apostatarum
250 2152 332 2193 sortem
342 2149 446 2208 exemplo
458 2148 511 2193 salis
520 2148 626 2193 infatuati
638 2147 736 2193 delineat
745 2149 847 2194 Christ-us
863 2164 868 2192 :
881 2150 926 2194 nisi
934 2161 962 2201 acc

84 2220 188 2273 brittene
196 2221 258 2278 sores
269 2229 291 2264 et
301 2221 446 2264 conculcetur
456 2219 484 2264 ed
498 2219 638 2274 borciaibus;
653 2220 774 2264 eiiciantur
785 2235 811 2263 ex
821 2235 894 2277 regno
908 2223 956 2274 Dei,

84 2291 184 2335 evadunt
198 2292 344 2350 opprobrium
352 2284 423 2350 'quasi
436 2291 511 2334 lutum
522 2290 619 2348 pedibus
633 2291 735 2334 omnium
748 2291 909 2336 conculcatum
920 2292 956 2351 (cf.
966 2315 971 2319 ··

84 2366 110 2408 Is.
123 2367 198 2418 6631.
211 2365 265 2406 Dan.
279 2362 348 2422 raa).
359 2365 418 2406 Haec
429 2361 570 2422 comparatio
586 2362 720 2421 praeprimis
736 2363 843 2407 colivenit
858 2363 958 2408 doctori-

83 2434 125 2478 bus
140 2450 166 2478 ac
182 2433 324 2493 praesidibus
340 2433 462 2488 Ecclesiae,
478 2431 494 2475 i.
513 2447 532 2476 e.
550 2432 659 2491 episcopis
675 2435 696 2476 et
709 2433 865 2477 sacerdotibus
880 2449 958 2480 eorum

83 2506 240 2550 adiutoribus
248 2505 289 2557 Qui
301 2505 319 2549 si
331 2505 374 2563 ipsi
387 2504 491 2548 moribus
502 2506 524 2549 ct
537 2503 583 2548 vita
592 2503 660 2548 alieni
670 2507 721 2548 sunt
734 2520 747 2549 a
760 2504 866 2563 doctrina
877 2507 960 2551 Christi

83 2578 118 2621 vel
132 2577 151 2621 si
163 2591 209 2621 non
222 2576 317 2620 studiose
331 2575 469 2620 adlaborant
481 2578 506 2619 ut
518 2576 542 2619 in
556 2570 630 2619 officio
644 2575 695 2620 salis
708 2579 855 2635 perseverent
869 2580 891 2622 et
902 2578 959 2622 vivi-

83 2648 138 2692 dum
153 2648 219 2692 illum
235 2646 350 2691 doctrinae
365 2647 482 2706 studiique
498 2647 608 2691 virtutum
625 2647 727 2704 vigorem
743 2652 889 2703 conservant,
904 2650 958 2708 quid

81 2721 128 2765 iam
146 2708 235 2764 efficere
253 2719 374 2777 poterunt?
394 2733 440 2763 non
458 2717 538 2762 solum
548 2718 639 2763 inutiles
654 2721 716 2773 sunt,
733 2718 772 2762 secl
787 2720 864 2763 nocivi
878 2719 921 2764 sibi
937 2724 956 2764 el

82 2793 142 2847 aliis3
156 2792 310 2850 despiciuntur
322 2792 344 2835 ct
356 2789 456 2835 maximo
470 2789 553 2833 darnno
568 2793 619 2833 sunt
632 2788 751 2833 Ecclesiae.
764 2793 794 2833 De
809 2805 855 2849 qua
869 2806 893 2835 re
909 2793 956 2837 Cui.
979 2796 982 2799 ‘

81 2865 141 2907 Iaca
154 2864 253 2920 graviter
264 2857 433 2922 conqueruntur
442 2864 573 2920 temporum
585 2874 677 2904 suorum
688 2861 748 2905 mala
757 2862 919 2909 lamentantes

110 2935 160 2978 Alia
173 2935 339 2992 comparatione
352 2932 451 2979 ostendit
464 2931 565 2986 Christus
581 2930 636 2990 quid
645 2946 686 2991 per
697 2946 733 2977 eos
747 2933 788 2993 qui
803 2948 844 2979 suo
859 2936 903 2981 sint
914 2937 959 2996 spi·

80 3006 126 3050 ritu
138 3004 220 3049 imbuti
233 3005 318 3049 mundo
335 3005 417 3050 debeat
430 3004 540 3049 obvenire
553 3019 574 3047 v.
590 3007 616 3048 111
635 3018 672 3048 eos
687 3003 738 3048 eatis
755 3004 797 3049 lue
811 3007 893 3051 1111111111
897 3025 905 3065 ,¹
921 3007 960 3052 lux

81 3077 179 3137 dispellit
201 3077 315 3132 tenebras,
344 3078 452 3122 omnibus
478 3077 588 3130 formam,
616 3075 726 3132 colorem,
748 3077 957 3141 pulchritudinem,

81 3149 223 3206 splendorem
233 3148 343 3207 impertit3
354 3150 392 3194 lux
398 3149 426 3194 ad
439 3163 531 3195 omnem
542 3148 611 3197 vitam
621 3149 748 3194 necessaria
764 3152 797 3193 cst
806 3150 959 3209 omnibusque
