<?xml version="1.0" encoding="UTF-8"?>
<!DOCTYPE html PUBLIC "-//W3C//DTD XHTML 1.0 Transitional//EN"
    "http://www.w3.org/TR/xhtml1/DTD/xhtml1-transitional.dtd">
<html xmlns="http://www.w3.org/1999/xhtml" xml:lang="en" lang="en">
 <head>
  <title>
</title>
<meta http-equiv="Content-Type" content="text/html;charset=utf-8" />
  <meta name='ocr-system' content='tesseract 3.04.00' />
  <meta name='ocr-capabilities' content='ocr_page ocr_carea ocr_par ocr_line ocrx_word'/>
</head>
<body>
  <div class='ocr_page' id='page_1' title='image "./MN41446ucmf_0_0577.png"; bbox 0 0 2211 3575; ppageno 0'>
   <div class='ocr_carea' id='block_1_1' title="bbox 450 255 992 321">
    <p class='ocr_par' dir='ltr' id='par_1_1' title="bbox 450 255 992 321">
     <span class='ocr_line' id='line_1_1' title="bbox 450 255 992 321; baseline 0.009 -8"><span class='ocrx_word' id='word_1_1' title='bbox 450 283 526 313; x_wconf 77' lang='lat' dir='ltr'>narra.</span> <span class='ocrx_word' id='word_1_2' title='bbox 543 255 577 321; x_wconf 79' lang='lat'>11,</span> <span class='ocrx_word' id='word_1_3' title='bbox 592 272 666 313; x_wconf 47' lang='grc' dir='ltr'>27-28.Ἰ</span> <span class='ocrx_word' id='word_1_4' title='bbox 752 280 757 287; x_wconf 95' lang='grc'><strong>’</strong></span> <span class='ocrx_word' id='word_1_5' title='bbox 954 280 992 318; x_wconf 69' lang='lat' dir='ltr'>tila</span> 
     </span>
    </p>
   </div>
   <div class='ocr_carea' id='block_1_2' title="bbox 120 371 992 430">
    <p class='ocr_par' dir='ltr' id='par_1_2' title="bbox 120 371 992 430">
     <span class='ocr_line' id='line_1_2' title="bbox 120 371 992 430; baseline 0.003 -16"><span class='ocrx_word' id='word_1_6' title='bbox 120 371 244 430; x_wconf 84' lang='lat' dir='ltr'>affirmare,</span> <span class='ocrx_word' id='word_1_7' title='bbox 254 389 306 419; x_wconf 90' lang='lat' dir='ltr'>cum</span> <span class='ocrx_word' id='word_1_8' title='bbox 313 374 372 419; x_wconf 90' lang='lat' dir='ltr'>dicat</span> <span class='ocrx_word' id='word_1_9' title='bbox 382 374 531 429; x_wconf 76' lang='lat' dir='ltr'>cccioobcertt,</span> <span class='ocrx_word' id='word_1_10' title='bbox 544 374 621 419; x_wconf 77' lang='grc'><strong>000010</strong></span> <span class='ocrx_word' id='word_1_11' title='bbox 631 375 714 419; x_wconf 79' lang='lat' dir='ltr'>trudito</span> <span class='ocrx_word' id='word_1_12' title='bbox 724 383 777 419; x_wconf 76' lang='lat' dir='ltr'>sum</span> <span class='ocrx_word' id='word_1_13' title='bbox 787 377 839 430; x_wconf 85' lang='lat' dir='ltr'>eto.;</span> <span class='ocrx_word' id='word_1_14' title='bbox 851 373 906 418; x_wconf 90' lang='lat' dir='ltr'>alibi</span> <span class='ocrx_word' id='word_1_15' title='bbox 917 377 992 418; x_wconf 90' lang='lat' dir='ltr'>autem</span> 
     </span>
    </p>
   </div>
   <div class='ocr_carea' id='block_1_3' title="bbox 107 444 1008 503">
    <p class='ocr_par' dir='ltr' id='par_1_3' title="bbox 107 444 1008 503">
     <span class='ocr_line' id='line_1_3' title="bbox 107 444 1008 503; baseline 0.006 -18"><span class='ocrx_word' id='word_1_16' title='bbox 107 457 170 486; x_wconf 84' lang='lat' dir='ltr'>eum</span> <span class='ocrx_word' id='word_1_17' title='bbox 183 444 246 503; x_wconf 89' lang='lat' dir='ltr'>loqui</span> <span class='ocrx_word' id='word_1_18' title='bbox 262 445 386 490; x_wconf 88' lang='lat' dir='ltr'>secundum</span> <span class='ocrx_word' id='word_1_19' title='bbox 404 448 512 491; x_wconf 89' lang='lat' dir='ltr'>naturam</span> <span class='ocrx_word' id='word_1_20' title='bbox 529 446 656 490; x_wconf 79' lang='lat' dir='ltr'>humanam</span> <span class='ocrx_word' id='word_1_21' title='bbox 673 449 695 489; x_wconf 86' lang='lat' dir='ltr'>et</span> <span class='ocrx_word' id='word_1_22' title='bbox 709 446 851 490; x_wconf 87' lang='lat' dir='ltr'>voluntatem</span> <span class='ocrx_word' id='word_1_23' title='bbox 867 445 989 491; x_wconf 75' lang='lat' dir='ltr'><strong>humanam</strong></span> <span class='ocrx_word' id='word_1_24' title='bbox 1006 497 1008 499; x_wconf 16' lang='lat'><strong><em>¹</em></strong></span> 
     </span>
    </p>
   </div>
   <div class='ocr_carea' id='block_1_4' title="bbox 118 515 992 717">
    <p class='ocr_par' dir='ltr' id='par_1_4' title="bbox 118 515 992 717">
     <span class='ocr_line' id='line_1_4' title="bbox 119 515 991 571; baseline 0.003 -14"><span class='ocrx_word' id='word_1_25' title='bbox 119 528 188 571; x_wconf 90' lang='lat' dir='ltr'>quam</span> <span class='ocrx_word' id='word_1_26' title='bbox 205 516 315 560; x_wconf 84' lang='lat' dir='ltr'>voluntati</span> <span class='ocrx_word' id='word_1_27' title='bbox 332 516 371 560; x_wconf 83' lang='lat' dir='ltr'>Dei</span> <span class='ocrx_word' id='word_1_28' title='bbox 386 517 635 562; x_wconf 86' lang='lat' dir='ltr'>omninoconformem</span> <span class='ocrx_word' id='word_1_29' title='bbox 649 530 673 559; x_wconf 87' lang='lat' dir='ltr'>se</span> <span class='ocrx_word' id='word_1_30' title='bbox 689 515 786 561; x_wconf 88' lang='lat' dir='ltr'>reddere</span> <span class='ocrx_word' id='word_1_31' title='bbox 800 516 877 560; x_wconf 87' lang='lat' dir='ltr'>asserit</span> <span class='ocrx_word' id='word_1_32' title='bbox 892 531 897 561; x_wconf 92' lang='lat'>:</span> <span class='ocrx_word' id='word_1_33' title='bbox 914 517 991 561; x_wconf 87' lang='lat' dir='ltr'>sedere</span> 
     </span>
     <span class='ocr_line' id='line_1_5' title="bbox 119 585 992 632; baseline 0.003 -5"><span class='ocrx_word' id='word_1_34' title='bbox 119 586 195 628; x_wconf 86' lang='lat' dir='ltr'>autem</span> <span class='ocrx_word' id='word_1_35' title='bbox 209 586 238 629; x_wconf 87' lang='lat' dir='ltr'>ad</span> <span class='ocrx_word' id='word_1_36' title='bbox 252 585 368 630; x_wconf 87' lang='lat' dir='ltr'>dexteram</span> <span class='ocrx_word' id='word_1_37' title='bbox 383 600 458 630; x_wconf 88' lang='lat' dir='ltr'>meam</span> <span class='ocrx_word' id='word_1_38' title='bbox 474 588 511 631; x_wconf 89' lang='lat' dir='ltr'>vel</span> <span class='ocrx_word' id='word_1_39' title='bbox 527 587 643 632; x_wconf 73' lang='lat' dir='ltr'>sinistram</span> <span class='ocrx_word' id='word_1_40' title='bbox 656 601 703 632; x_wconf 91' lang='grc'>000</span> <span class='ocrx_word' id='word_1_41' title='bbox 718 589 751 631; x_wconf 87' lang='lat' dir='ltr'>est</span> <span class='ocrx_word' id='word_1_42' title='bbox 767 601 844 631; x_wconf 87' lang='lat' dir='ltr'>meum</span> <span class='ocrx_word' id='word_1_43' title='bbox 857 586 912 631; x_wconf 87' lang='lat' dir='ltr'>dare</span> <span class='ocrx_word' id='word_1_44' title='bbox 927 587 992 630; x_wconf 90' lang='lat' dir='ltr'>vobis</span> 
     </span>
     <span class='ocr_line' id='line_1_6' title="bbox 118 653 992 717; baseline 0.003 -19"><span class='ocrx_word' id='word_1_45' title='bbox 118 654 157 698; x_wconf 87' lang='lat' dir='ltr'>sed</span> <span class='ocrx_word' id='word_1_46' title='bbox 169 655 252 715; x_wconf 86' lang='lat' dir='ltr'>quibus</span> <span class='ocrx_word' id='word_1_47' title='bbox 262 653 368 717; x_wconf 91' lang='lat' dir='ltr'>paratum</span> <span class='ocrx_word' id='word_1_48' title='bbox 377 659 428 701; x_wconf 88' lang='lat' dir='ltr'>esta</span> <span class='ocrx_word' id='word_1_49' title='bbox 439 659 506 700; x_wconf 88' lang='lat' dir='ltr'>Patre</span> <span class='ocrx_word' id='word_1_50' title='bbox 514 672 566 701; x_wconf 90' lang='lat' dir='ltr'>meo</span> <span class='ocrx_word' id='word_1_51' title='bbox 574 657 659 716; x_wconf 78' lang='lat' dir='ltr'>(Mattlr.</span> <span class='ocrx_word' id='word_1_52' title='bbox 671 657 748 717; x_wconf 52' lang='lat'>2023)</span> <span class='ocrx_word' id='word_1_53' title='bbox 756 661 779 703; x_wconf 87' lang='lat' dir='ltr'>ct</span> <span class='ocrx_word' id='word_1_54' title='bbox 787 657 892 703; x_wconf 90' lang='lat' dir='ltr'>similiter</span> <span class='ocrx_word' id='word_1_55' title='bbox 900 657 992 717; x_wconf 86' lang='lat' dir='ltr'>quando</span> 
     </span>
    </p>
   </div>
   <div class='ocr_carea' id='block_1_5' title="bbox 118 726 1043 791">
    <p class='ocr_par' dir='ltr' id='par_1_5' title="bbox 118 726 1043 791">
     <span class='ocr_line' id='line_1_7' title="bbox 118 726 1043 791; baseline 0.003 -22"><span class='ocrx_word' id='word_1_56' title='bbox 118 729 166 771; x_wconf 88' lang='lat' dir='ltr'>orat</span> <span class='ocrx_word' id='word_1_57' title='bbox 179 726 209 771; x_wconf 91' lang='lat' dir='ltr'>ad</span> <span class='ocrx_word' id='word_1_58' title='bbox 219 730 311 772; x_wconf 83' lang='lat' dir='ltr'>¹Patrem</span> <span class='ocrx_word' id='word_1_59' title='bbox 323 743 365 787; x_wconf 90' lang='lat' dir='ltr'>pro</span> <span class='ocrx_word' id='word_1_60' title='bbox 377 728 404 771; x_wconf 92' lang='lat' dir='ltr'>iis</span> <span class='ocrx_word' id='word_1_61' title='bbox 420 741 476 786; x_wconf 90' lang='lat' dir='ltr'>quos</span> <span class='ocrx_word' id='word_1_62' title='bbox 489 730 556 772; x_wconf 88' lang='lat' dir='ltr'>Pater</span> <span class='ocrx_word' id='word_1_63' title='bbox 565 727 614 785; x_wconf 80' lang='lat' dir='ltr'>[sihi</span> <span class='ocrx_word' id='word_1_64' title='bbox 631 727 729 784; x_wconf 89' lang='lat' dir='ltr'>dederit,</span> <span class='ocrx_word' id='word_1_65' title='bbox 741 732 767 791; x_wconf 79' lang='lat' dir='ltr'>ut</span> <span class='ocrx_word' id='word_1_66' title='bbox 782 731 855 773; x_wconf 87' lang='lat' dir='ltr'>servet</span> <span class='ocrx_word' id='word_1_67' title='bbox 866 743 903 774; x_wconf 89' lang='lat' dir='ltr'>eos</span> <span class='ocrx_word' id='word_1_68' title='bbox 918 728 989 789; x_wconf 75' lang='lat' dir='ltr'>(loan.</span> <span class='ocrx_word' id='word_1_69' title='bbox 1042 759 1043 762; x_wconf 50' lang='lat'><em>=</em></span> 
     </span>
    </p>
   </div>
   <div class='ocr_carea' id='block_1_6' title="bbox 116 791 992 996">
    <p class='ocr_par' dir='ltr' id='par_1_6' title="bbox 116 791 992 996">
     <span class='ocr_line' id='line_1_8' title="bbox 119 791 989 859; baseline 0.003 -18"><span class='ocrx_word' id='word_1_70' title='bbox 119 802 171 852; x_wconf 81' lang='lat' dir='ltr'>17,c</span> <span class='ocrx_word' id='word_1_71' title='bbox 183 799 243 859; x_wconf 79' lang='lat' dir='ltr'>etc).</span> <span class='ocrx_word' id='word_1_72' title='bbox 255 803 324 843; x_wconf 89' lang='lat' dir='ltr'>Porro</span> <span class='ocrx_word' id='word_1_73' title='bbox 332 813 360 843; x_wconf 89' lang='lat' dir='ltr'>ne</span> <span class='ocrx_word' id='word_1_74' title='bbox 370 798 472 843; x_wconf 89' lang='lat' dir='ltr'>omiseris</span> <span class='ocrx_word' id='word_1_75' title='bbox 479 797 622 858; x_wconf 80' lang='lat' dir='ltr'>perpendere</span> <span class='ocrx_word' id='word_1_76' title='bbox 632 799 728 843; x_wconf 90' lang='lat' dir='ltr'>eandem</span> <span class='ocrx_word' id='word_1_77' title='bbox 738 791 783 843; x_wconf 89' lang='lat' dir='ltr'>hoc</span> <span class='ocrx_word' id='word_1_78' title='bbox 794 798 843 842; x_wconf 91' lang='grc'><strong>1000</strong></span> <span class='ocrx_word' id='word_1_79' title='bbox 856 814 870 842; x_wconf 88' lang='lat' dir='ltr'>a</span> <span class='ocrx_word' id='word_1_80' title='bbox 879 800 989 844; x_wconf 83' lang='lat' dir='ltr'>llatthaco</span> 
     </span>
     <span class='ocr_line' id='line_1_9' title="bbox 116 868 989 929; baseline 0.001 -17"><span class='ocrx_word' id='word_1_81' title='bbox 116 869 217 927; x_wconf 87' lang='lat' dir='ltr'>proponi</span> <span class='ocrx_word' id='word_1_82' title='bbox 233 869 359 914; x_wconf 76' lang='lat' dir='ltr'><strong>doctrinam</strong></span> <span class='ocrx_word' id='word_1_83' title='bbox 376 869 404 914; x_wconf 86' lang='lat' dir='ltr'>de</span> <span class='ocrx_word' id='word_1_84' title='bbox 419 869 469 914; x_wconf 86' lang='lat' dir='ltr'>Filii</span> <span class='ocrx_word' id='word_1_85' title='bbox 485 869 604 916; x_wconf 87' lang='lat' dir='ltr'>divinitate</span> <span class='ocrx_word' id='word_1_86' title='bbox 620 883 689 928; x_wconf 87' lang='lat' dir='ltr'>quam</span> <span class='ocrx_word' id='word_1_87' title='bbox 705 868 767 929; x_wconf 91' lang='lat' dir='ltr'>apud</span> <span class='ocrx_word' id='word_1_88' title='bbox 785 872 892 913; x_wconf 88' lang='lat' dir='ltr'>loannem</span> <span class='ocrx_word' id='word_1_89' title='bbox 909 870 989 928; x_wconf 88' lang='lat' dir='ltr'>depre-</span> 
     </span>
     <span class='ocr_line' id='line_1_10' title="bbox 117 939 992 996; baseline 0.002 -14"><span class='ocrx_word' id='word_1_90' title='bbox 117 939 239 986; x_wconf 90' lang='lat' dir='ltr'>hendimus</span> <span class='ocrx_word' id='word_1_91' title='bbox 255 943 276 985; x_wconf 91' lang='lat' dir='ltr'>et</span> <span class='ocrx_word' id='word_1_92' title='bbox 294 941 356 986; x_wconf 90' lang='lat' dir='ltr'>hunc</span> <span class='ocrx_word' id='word_1_93' title='bbox 368 956 458 986; x_wconf 89' lang='lat' dir='ltr'>versum</span> <span class='ocrx_word' id='word_1_94' title='bbox 475 946 503 986; x_wconf 74' lang='lat'>27</span> <span class='ocrx_word' id='word_1_95' title='bbox 519 944 541 986; x_wconf 90' lang='lat' dir='ltr'>et</span> <span class='ocrx_word' id='word_1_96' title='bbox 554 944 608 986; x_wconf 86' lang='lat' dir='ltr'>Luc.</span> <span class='ocrx_word' id='word_1_97' title='bbox 624 941 734 996; x_wconf 71' lang='grc'><strong>1000110</strong></span> <span class='ocrx_word' id='word_1_98' title='bbox 745 940 834 996; x_wconf 83' lang='lat' dir='ltr'>efferri,</span> <span class='ocrx_word' id='word_1_99' title='bbox 854 943 878 984; x_wconf 92' lang='lat' dir='ltr'>ut</span> <span class='ocrx_word' id='word_1_100' title='bbox 892 941 910 986; x_wconf 89' lang='lat' dir='ltr'>si</span> <span class='ocrx_word' id='word_1_101' title='bbox 922 941 992 985; x_wconf 84' lang='lat' dir='ltr'>verba</span> 
     </span>
    </p>
   </div>
   <div class='ocr_carea' id='block_1_7' title="bbox 118 1004 1032 1072">
    <p class='ocr_par' dir='ltr' id='par_1_7' title="bbox 118 1004 1032 1072">
     <span class='ocr_line' id='line_1_11' title="bbox 118 1004 1032 1072; baseline 0.002 -19"><span class='ocrx_word' id='word_1_102' title='bbox 118 1010 230 1067; x_wconf 85' lang='lat' dir='ltr'>audieris,</span> <span class='ocrx_word' id='word_1_103' title='bbox 241 1012 351 1072; x_wconf 87' lang='lat' dir='ltr'>capotius</span> <span class='ocrx_word' id='word_1_104' title='bbox 363 1004 425 1072; x_wconf 85' lang='lat' dir='ltr'>apud</span> <span class='ocrx_word' id='word_1_105' title='bbox 436 1014 543 1057; x_wconf 87' lang='lat' dir='ltr'>Ioannem</span> <span class='ocrx_word' id='word_1_106' title='bbox 556 1026 626 1071; x_wconf 87' lang='lat' dir='ltr'>quam</span> <span class='ocrx_word' id='word_1_107' title='bbox 641 1012 703 1071; x_wconf 90' lang='lat' dir='ltr'>apud</span> <span class='ocrx_word' id='word_1_108' title='bbox 717 1011 847 1072; x_wconf 77' lang='lat' dir='ltr'>synopticcs</span> <span class='ocrx_word' id='word_1_109' title='bbox 863 1026 909 1056; x_wconf 88' lang='lat' dir='ltr'>esse</span> <span class='ocrx_word' id='word_1_110' title='bbox 923 1027 990 1071; x_wconf 86' lang='lat' dir='ltr'>quae-</span> <span class='ocrx_word' id='word_1_111' title='bbox 1031 1024 1032 1027; x_wconf 70' lang='grc'>’</span> 
     </span>
    </p>
   </div>
   <div class='ocr_carea' id='block_1_8' title="bbox 66 1081 997 2203">
    <p class='ocr_par' dir='ltr' id='par_1_8' title="bbox 66 1081 997 1775">
     <span class='ocr_line' id='line_1_12' title="bbox 77 1081 989 1143; baseline 0.002 -19"><span class='ocrx_word' id='word_1_112' title='bbox 77 1086 79 1089; x_wconf 85' lang='grc'><strong>’</strong></span> <span class='ocrx_word' id='word_1_113' title='bbox 119 1081 192 1126; x_wconf 86' lang='lat' dir='ltr'>renda</span> <span class='ocrx_word' id='word_1_114' title='bbox 201 1083 326 1128; x_wconf 88' lang='lat' dir='ltr'>existimare</span> <span class='ocrx_word' id='word_1_115' title='bbox 333 1083 484 1143; x_wconf 82' lang='lat' dir='ltr'>facilepossis.</span> <span class='ocrx_word' id='word_1_116' title='bbox 496 1086 569 1135; x_wconf 82' lang='lat' dir='ltr'><strong>Quare</strong></span> <span class='ocrx_word' id='word_1_117' title='bbox 576 1082 703 1127; x_wconf 72' lang='lat' dir='ltr'>ostenditur</span> <span class='ocrx_word' id='word_1_118' title='bbox 710 1084 804 1128; x_wconf 88' lang='lat' dir='ltr'>inanem</span> <span class='ocrx_word' id='word_1_119' title='bbox 813 1097 859 1127; x_wconf 90' lang='lat' dir='ltr'>esse</span> <span class='ocrx_word' id='word_1_120' title='bbox 867 1082 989 1128; x_wconf 87' lang='lat' dir='ltr'>clamorem</span> 
     </span>
     <span class='ocr_line' id='line_1_13' title="bbox 66 1153 988 1215; baseline 0.002 -20"><span class='ocrx_word' id='word_1_121' title='bbox 66 1212 67 1215; x_wconf 7' lang='grc' dir='ltr'><strong>Ἰ</strong></span> <span class='ocrx_word' id='word_1_122' title='bbox 124 1153 317 1198; x_wconf 86' lang='lat' dir='ltr'>rationalistarum</span> <span class='ocrx_word' id='word_1_123' title='bbox 331 1154 370 1213; x_wconf 90' lang='lat' dir='ltr'>qui</span> <span class='ocrx_word' id='word_1_124' title='bbox 380 1155 522 1207; x_wconf 86' lang='lat' dir='ltr'>contendunt</span> <span class='ocrx_word' id='word_1_125' title='bbox 533 1154 605 1198; x_wconf 89' lang='lat' dir='ltr'>alium</span> <span class='ocrx_word' id='word_1_126' title='bbox 618 1153 732 1198; x_wconf 72' lang='lat' dir='ltr'>Christum</span> <span class='ocrx_word' id='word_1_127' title='bbox 743 1169 757 1198; x_wconf 92' lang='lat' dir='ltr'>a</span> <span class='ocrx_word' id='word_1_128' title='bbox 772 1154 906 1213; x_wconf 82' lang='lat' dir='ltr'>synopticis,</span> <span class='ocrx_word' id='word_1_129' title='bbox 918 1155 988 1198; x_wconf 89' lang='lat' dir='ltr'>alium</span> 
     </span>
     <span class='ocr_line' id='line_1_14' title="bbox 116 1224 989 1284; baseline 0.002 -18"><span class='ocrx_word' id='word_1_130' title='bbox 116 1239 129 1267; x_wconf 94' lang='lat' dir='ltr'>a</span> <span class='ocrx_word' id='word_1_131' title='bbox 140 1226 224 1268; x_wconf 83' lang='lat' dir='ltr'><strong>Ioanne</strong></span> <span class='ocrx_word' id='word_1_132' title='bbox 237 1224 335 1269; x_wconf 76' lang='lat' dir='ltr'>describi</span> <span class='ocrx_word' id='word_1_133' title='bbox 343 1227 365 1268; x_wconf 89' lang='lat' dir='ltr'>et</span> <span class='ocrx_word' id='word_1_134' title='bbox 375 1225 404 1269; x_wconf 92' lang='lat' dir='ltr'>ab</span> <span class='ocrx_word' id='word_1_135' title='bbox 413 1225 456 1269; x_wconf 90' lang='lat' dir='ltr'>hoc</span> <span class='ocrx_word' id='word_1_136' title='bbox 466 1224 513 1269; x_wconf 90' lang='lat' dir='ltr'>solo</span> <span class='ocrx_word' id='word_1_137' title='bbox 522 1239 575 1268; x_wconf 92' lang='lat' dir='ltr'>eum</span> <span class='ocrx_word' id='word_1_138' title='bbox 587 1224 663 1279; x_wconf 84' lang='lat' dir='ltr'>divina</span> <span class='ocrx_word' id='word_1_139' title='bbox 671 1228 754 1269; x_wconf 89' lang='lat' dir='ltr'>natura</span> <span class='ocrx_word' id='word_1_140' title='bbox 762 1224 892 1284; x_wconf 85' lang='lat' dir='ltr'>praeditum</span> <span class='ocrx_word' id='word_1_141' title='bbox 903 1239 989 1268; x_wconf 91' lang='lat' dir='ltr'>annun-</span> 
     </span>
     <span class='ocr_line' id='line_1_15' title="bbox 119 1294 997 1351; baseline 0.002 -14"><span class='ocrx_word' id='word_1_142' title='bbox 119 1294 178 1338; x_wconf 86' lang='lat' dir='ltr'>tiari.</span> <span class='ocrx_word' id='word_1_143' title='bbox 192 1294 247 1339; x_wconf 88' lang='lat' dir='ltr'>Vide</span> <span class='ocrx_word' id='word_1_144' title='bbox 258 1299 319 1340; x_wconf 90' lang='lat' dir='ltr'>loan.</span> <span class='ocrx_word' id='word_1_145' title='bbox 331 1299 399 1349; x_wconf 59' lang='grc'>115,106;</span> <span class='ocrx_word' id='word_1_146' title='bbox 411 1299 474 1351; x_wconf 72' lang='grc'>7,29;</span> <span class='ocrx_word' id='word_1_147' title='bbox 486 1299 550 1351; x_wconf 84' lang='grc'><strong>8,19;</strong></span> <span class='ocrx_word' id='word_1_148' title='bbox 563 1299 629 1349; x_wconf 74' lang='lat' dir='ltr'>lala</span> <span class='ocrx_word' id='word_1_149' title='bbox 641 1298 683 1340; x_wconf 90' lang='lat' dir='ltr'>etc.</span> <span class='ocrx_word' id='word_1_150' title='bbox 994 1345 997 1351; x_wconf 45' lang='lat'>,</span> 
     </span>
     <span class='ocr_line' id='line_1_16' title="bbox 105 1359 990 1426; baseline 0.002 -18"><span class='ocrx_word' id='word_1_151' title='bbox 105 1412 108 1417; x_wconf 61' lang='grc'><em>,</em></span> <span class='ocrx_word' id='word_1_152' title='bbox 142 1359 196 1409; x_wconf 51' lang='lat' dir='ltr'>¹lam</span> <span class='ocrx_word' id='word_1_153' title='bbox 206 1366 301 1426; x_wconf 88' lang='lat' dir='ltr'>explicat</span> <span class='ocrx_word' id='word_1_154' title='bbox 313 1366 380 1410; x_wconf 86' lang='lat' dir='ltr'>Filius</span> <span class='ocrx_word' id='word_1_155' title='bbox 389 1381 431 1426; x_wconf 91' lang='lat' dir='ltr'>pro</span> <span class='ocrx_word' id='word_1_156' title='bbox 440 1380 481 1410; x_wconf 89' lang='lat' dir='ltr'>sua</span> <span class='ocrx_word' id='word_1_157' title='bbox 492 1366 637 1423; x_wconf 77' lang='lat' dir='ltr'>benignitate</span> <span class='ocrx_word' id='word_1_158' title='bbox 647 1368 670 1409; x_wconf 87' lang='lat' dir='ltr'>et</span> <span class='ocrx_word' id='word_1_159' title='bbox 678 1366 703 1409; x_wconf 89' lang='lat' dir='ltr'>in</span> <span class='ocrx_word' id='word_1_160' title='bbox 714 1366 821 1410; x_wconf 87' lang='lat' dir='ltr'>homines</span> <span class='ocrx_word' id='word_1_161' title='bbox 832 1366 990 1410; x_wconf 88' lang='lat' dir='ltr'>benevolentia</span> 
     </span>
     <span class='ocr_line' id='line_1_17' title="bbox 119 1436 989 1496; baseline 0.001 -17"><span class='ocrx_word' id='word_1_162' title='bbox 119 1436 202 1495; x_wconf 85' lang='lat' dir='ltr'>quibus</span> <span class='ocrx_word' id='word_1_163' title='bbox 218 1437 272 1481; x_wconf 91' lang='lat' dir='ltr'>velit</span> <span class='ocrx_word' id='word_1_164' title='bbox 289 1437 389 1481; x_wconf 88' lang='lat' dir='ltr'>revelare</span> <span class='ocrx_word' id='word_1_165' title='bbox 403 1440 504 1493; x_wconf 77' lang='lat' dir='ltr'>Patrem,</span> <span class='ocrx_word' id='word_1_166' title='bbox 522 1437 550 1480; x_wconf 91' lang='lat' dir='ltr'>iis</span> <span class='ocrx_word' id='word_1_167' title='bbox 568 1436 615 1481; x_wconf 91' lang='lat' dir='ltr'>scil.</span> <span class='ocrx_word' id='word_1_168' title='bbox 634 1436 673 1495; x_wconf 89' lang='lat' dir='ltr'>qui</span> <span class='ocrx_word' id='word_1_169' title='bbox 689 1437 785 1481; x_wconf 90' lang='lat' dir='ltr'>miseriis</span> <span class='ocrx_word' id='word_1_170' title='bbox 805 1436 876 1496; x_wconf 91' lang='lat' dir='ltr'>pressi</span> <span class='ocrx_word' id='word_1_171' title='bbox 890 1437 989 1481; x_wconf 89' lang='lat' dir='ltr'>sentiunt</span> 
     </span>
     <span class='ocr_line' id='line_1_18' title="bbox 84 1507 988 1567; baseline 0.003 -17"><span class='ocrx_word' id='word_1_172' title='bbox 84 1529 86 1532; x_wconf 37' lang='lat' dir='ltr'>v</span> <span class='ocrx_word' id='word_1_173' title='bbox 116 1522 178 1551; x_wconf 91' lang='lat' dir='ltr'>suam</span> <span class='ocrx_word' id='word_1_174' title='bbox 189 1507 345 1552; x_wconf 74' lang='lat' dir='ltr'>infelicitatem</span> <span class='ocrx_word' id='word_1_175' title='bbox 356 1511 378 1551; x_wconf 89' lang='lat' dir='ltr'>et</span> <span class='ocrx_word' id='word_1_176' title='bbox 387 1508 512 1565; x_wconf 79' lang='lat' dir='ltr'>egestatem</span> <span class='ocrx_word' id='word_1_177' title='bbox 521 1521 525 1561; x_wconf 68' lang='grc' dir='ltr'><strong>ς</strong></span> <span class='ocrx_word' id='word_1_178' title='bbox 534 1522 606 1567; x_wconf 87' lang='lat' dir='ltr'>quare</span> <span class='ocrx_word' id='word_1_179' title='bbox 616 1507 710 1566; x_wconf 90' lang='lat' dir='ltr'>quinam</span> <span class='ocrx_word' id='word_1_180' title='bbox 715 1508 761 1552; x_wconf 92' lang='lat' dir='ltr'>sint</span> <span class='ocrx_word' id='word_1_181' title='bbox 769 1522 822 1551; x_wconf 86' lang='lat' dir='ltr'>vere</span> <span class='ocrx_word' id='word_1_182' title='bbox 827 1508 918 1567; x_wconf 85' lang='lat' dir='ltr'>parvuli</span> <span class='ocrx_word' id='word_1_183' title='bbox 927 1523 948 1551; x_wconf 90' lang='lat' dir='ltr'>v.</span> <span class='ocrx_word' id='word_1_184' title='bbox 961 1513 988 1553; x_wconf 75' lang='lat'>25</span> 
     </span>
     <span class='ocr_line' id='line_1_19' title="bbox 116 1571 989 1639; baseline 0.002 -18"><span class='ocrx_word' id='word_1_185' title='bbox 116 1579 186 1622; x_wconf 88' lang='lat' dir='ltr'>etiam</span> <span class='ocrx_word' id='word_1_186' title='bbox 202 1578 295 1629; x_wconf 87' lang='lat' dir='ltr'>ulterius</span> <span class='ocrx_word' id='word_1_187' title='bbox 308 1580 426 1639; x_wconf 82' lang='lat' dir='ltr'>exponitur</span> <span class='ocrx_word' id='word_1_188' title='bbox 438 1593 460 1622; x_wconf 91' lang='lat' dir='ltr'>v.</span> <span class='ocrx_word' id='word_1_189' title='bbox 475 1583 503 1623; x_wconf 80' lang='lat'>28</span> <span class='ocrx_word' id='word_1_190' title='bbox 515 1577 589 1622; x_wconf 81' lang='lat' dir='ltr'>venite</span> <span class='ocrx_word' id='word_1_191' title='bbox 605 1577 637 1621; x_wconf 80' lang='lat' dir='ltr'>ad</span> <span class='ocrx_word' id='word_1_192' title='bbox 653 1592 689 1622; x_wconf 84' lang='lat' dir='ltr'>mc</span> <span class='ocrx_word' id='word_1_193' title='bbox 703 1571 835 1637; x_wconf 73' lang='lat' dir='ltr'>ceteroqui</span> <span class='ocrx_word' id='word_1_194' title='bbox 848 1577 956 1623; x_wconf 74' lang='lat' dir='ltr'>laboratis</span> <span class='ocrx_word' id='word_1_195' title='bbox 968 1575 989 1622; x_wconf 84' lang='lat' dir='ltr'>et</span> 
     </span>
     <span class='ocr_line' id='line_1_20' title="bbox 117 1648 985 1709; baseline 0.001 -17"><span class='ocrx_word' id='word_1_196' title='bbox 117 1649 204 1693; x_wconf 80' lang='lat' dir='ltr'>onerati</span> <span class='ocrx_word' id='word_1_197' title='bbox 213 1649 263 1693; x_wconf 70' lang='lat' dir='ltr'>estis</span> <span class='ocrx_word' id='word_1_198' title='bbox 273 1657 294 1693; x_wconf 81' lang='lat' dir='ltr'>et</span> <span class='ocrx_word' id='word_1_199' title='bbox 302 1664 341 1709; x_wconf 76' lang='lat' dir='ltr'>eqo</span> <span class='ocrx_word' id='word_1_200' title='bbox 352 1650 451 1708; x_wconf 76' lang='lat' dir='ltr'>reficc&#39;om</span> <span class='ocrx_word' id='word_1_201' title='bbox 461 1663 513 1707; x_wconf 70' lang='lat' dir='ltr'>cros,¹</span> <span class='ocrx_word' id='word_1_202' title='bbox 524 1663 603 1693; x_wconf 91' lang='lat' dir='ltr'>omnes</span> <span class='ocrx_word' id='word_1_203' title='bbox 611 1648 774 1706; x_wconf 86' lang='lat' dir='ltr'>benignissime</span> <span class='ocrx_word' id='word_1_204' title='bbox 787 1649 870 1692; x_wconf 88' lang='lat' dir='ltr'>invitat</span> <span class='ocrx_word' id='word_1_205' title='bbox 881 1650 985 1702; x_wconf 81' lang='lat' dir='ltr'>afflictos;</span> 
     </span>
     <span class='ocr_line' id='line_1_21' title="bbox 116 1719 985 1775; baseline 0 -11"><span class='ocrx_word' id='word_1_206' title='bbox 116 1721 143 1764; x_wconf 83' lang='lat' dir='ltr'>ct.</span> <span class='ocrx_word' id='word_1_207' title='bbox 159 1723 185 1764; x_wconf 92' lang='lat' dir='ltr'>ls.</span> <span class='ocrx_word' id='word_1_208' title='bbox 201 1724 261 1775; x_wconf 82' lang='grc'><strong>61,1,</strong></span> <span class='ocrx_word' id='word_1_209' title='bbox 273 1726 285 1765; x_wconf 88' lang='grc'>3</span> <span class='ocrx_word' id='word_1_210' title='bbox 300 1736 305 1766; x_wconf 93' lang='lat'>:</span> <span class='ocrx_word' id='word_1_211' title='bbox 321 1724 345 1764; x_wconf 91' lang='lat' dir='ltr'>ut</span> <span class='ocrx_word' id='word_1_212' title='bbox 358 1720 460 1765; x_wconf 83' lang='lat' dir='ltr'>mederer</span> <span class='ocrx_word' id='word_1_213' title='bbox 473 1720 576 1764; x_wconf 90' lang='lat' dir='ltr'>contritis</span> <span class='ocrx_word' id='word_1_214' title='bbox 591 1719 671 1773; x_wconf 87' lang='lat' dir='ltr'>corde,</span> <span class='ocrx_word' id='word_1_215' title='bbox 685 1723 710 1763; x_wconf 92' lang='lat' dir='ltr'>ut</span> <span class='ocrx_word' id='word_1_216' title='bbox 721 1719 851 1764; x_wconf 84' lang='lat' dir='ltr'>consolarer</span> <span class='ocrx_word' id='word_1_217' title='bbox 860 1734 938 1764; x_wconf 88' lang='lat' dir='ltr'>omnes</span> <span class='ocrx_word' id='word_1_218' title='bbox 950 1720 985 1764; x_wconf 91' lang='lat' dir='ltr'>lu-</span> 
     </span>
    </p>

    <p class='ocr_par' dir='ltr' id='par_1_9' title="bbox 118 1786 983 1848">
     <span class='ocr_line' id='line_1_22' title="bbox 118 1786 983 1848; baseline 0.001 -15"><span class='ocrx_word' id='word_1_219' title='bbox 118 1793 208 1846; x_wconf 80' lang='lat' dir='ltr'>gentes,</span> <span class='ocrx_word' id='word_1_220' title='bbox 219 1794 245 1834; x_wconf 93' lang='lat' dir='ltr'>ut</span> <span class='ocrx_word' id='word_1_221' title='bbox 254 1790 332 1835; x_wconf 89' lang='lat' dir='ltr'>darem</span> <span class='ocrx_word' id='word_1_222' title='bbox 342 1791 373 1835; x_wconf 90' lang='lat' dir='ltr'>eis</span> <span class='ocrx_word' id='word_1_223' title='bbox 383 1786 549 1848; x_wconf 51' lang='lat' dir='ltr'>oleum&#39;gaudii</span> <span class='ocrx_word' id='word_1_224' title='bbox 559 1803 602 1848; x_wconf 91' lang='lat' dir='ltr'>pro</span> <span class='ocrx_word' id='word_1_225' title='bbox 611 1789 675 1833; x_wconf 91' lang='lat' dir='ltr'>luctu</span> <span class='ocrx_word' id='word_1_226' title='bbox 685 1790 764 1834; x_wconf 87' lang='lat' dir='ltr'>ctsim.</span> <span class='ocrx_word' id='word_1_227' title='bbox 775 1789 844 1848; x_wconf 89' lang='lat' dir='ltr'>Soph.</span> <span class='ocrx_word' id='word_1_228' title='bbox 855 1793 907 1844; x_wconf 83' lang='lat'>3,18</span> <span class='ocrx_word' id='word_1_229' title='bbox 917 1791 983 1834; x_wconf 85' lang='lat' dir='ltr'>hebr.</span> 
     </span>
    </p>

    <p class='ocr_par' dir='ltr' id='par_1_10' title="bbox 118 1859 986 1921">
     <span class='ocr_line' id='line_1_23' title="bbox 118 1859 986 1921; baseline 0.001 -17"><span class='ocrx_word' id='word_1_230' title='bbox 118 1860 168 1905; x_wconf 90' lang='lat' dir='ltr'>vide</span> <span class='ocrx_word' id='word_1_231' title='bbox 178 1860 209 1905; x_wconf 84' lang='lat' dir='ltr'>ad</span> <span class='ocrx_word' id='word_1_232' title='bbox 217 1865 254 1917; x_wconf 80' lang='lat'>5,5</span> <span class='ocrx_word' id='word_1_233' title='bbox 267 1877 271 1907; x_wconf 92' lang='lat'>:</span> <span class='ocrx_word' id='word_1_234' title='bbox 280 1861 341 1906; x_wconf 90' lang='lat' dir='ltr'>beati</span> <span class='ocrx_word' id='word_1_235' title='bbox 350 1862 389 1921; x_wconf 89' lang='lat' dir='ltr'>qui</span> <span class='ocrx_word' id='word_1_236' title='bbox 398 1860 485 1918; x_wconf 85' lang='lat' dir='ltr'>lugent.</span> <span class='ocrx_word' id='word_1_237' title='bbox 494 1861 517 1905; x_wconf 86' lang='lat' dir='ltr'>Si</span> <span class='ocrx_word' id='word_1_238' title='bbox 525 1863 602 1917; x_wconf 84' lang='lat' dir='ltr'>autem</span> <span class='ocrx_word' id='word_1_239' title='bbox 611 1860 701 1919; x_wconf 91' lang='lat' dir='ltr'>parvuli</span> <span class='ocrx_word' id='word_1_240' title='bbox 708 1875 734 1905; x_wconf 93' lang='grc'>00</span> <span class='ocrx_word' id='word_1_241' title='bbox 743 1860 811 1904; x_wconf 91' lang='lat' dir='ltr'>modo</span> <span class='ocrx_word' id='word_1_242' title='bbox 820 1859 986 1917; x_wconf 87' lang='lat' dir='ltr'>describuntur,</span> 
     </span>
    </p>

    <p class='ocr_par' dir='ltr' id='par_1_11' title="bbox 115 1930 988 2203">
     <span class='ocr_line' id='line_1_24' title="bbox 117 1930 988 1991; baseline 0.002 -17"><span class='ocrx_word' id='word_1_243' title='bbox 117 1948 130 1975; x_wconf 89' lang='lat' dir='ltr'>a</span> <span class='ocrx_word' id='word_1_244' title='bbox 140 1933 252 1976; x_wconf 90' lang='lat' dir='ltr'>contrario</span> <span class='ocrx_word' id='word_1_245' title='bbox 266 1933 346 1989; x_wconf 80' lang='lat' dir='ltr'>collige</span> <span class='ocrx_word' id='word_1_246' title='bbox 362 1932 402 1991; x_wconf 88' lang='lat' dir='ltr'>qui</span> <span class='ocrx_word' id='word_1_247' title='bbox 414 1932 458 1976; x_wconf 86' lang='lat' dir='ltr'>sint</span> <span class='ocrx_word' id='word_1_248' title='bbox 472 1932 596 1991; x_wconf 81' lang='lat' dir='ltr'>sapientes„</span> <span class='ocrx_word' id='word_1_249' title='bbox 611 1931 659 1974; x_wconf 93' lang='lat' dir='ltr'>scil.</span> <span class='ocrx_word' id='word_1_250' title='bbox 673 1932 712 1991; x_wconf 88' lang='lat' dir='ltr'>qui</span> <span class='ocrx_word' id='word_1_251' title='bbox 730 1930 774 1975; x_wconf 92' lang='lat' dir='ltr'>sihi</span> <span class='ocrx_word' id='word_1_252' title='bbox 787 1930 903 1976; x_wconf 84' lang='lat' dir='ltr'>sulficiunt</span> <span class='ocrx_word' id='word_1_253' title='bbox 915 1946 988 1991; x_wconf 86' lang='lat' dir='ltr'>neque</span> 
     </span>
     <span class='ocr_line' id='line_1_25' title="bbox 119 2001 985 2063; baseline 0.002 -17"><span class='ocrx_word' id='word_1_254' title='bbox 119 2003 218 2046; x_wconf 86' lang='lat' dir='ltr'>miserias</span> <span class='ocrx_word' id='word_1_255' title='bbox 229 2017 279 2046; x_wconf 86' lang='lat' dir='ltr'>suas</span> <span class='ocrx_word' id='word_1_256' title='bbox 296 2005 421 2060; x_wconf 88' lang='lat' dir='ltr'>agnoscunt</span> <span class='ocrx_word' id='word_1_257' title='bbox 432 2017 507 2062; x_wconf 89' lang='lat' dir='ltr'>neque</span> <span class='ocrx_word' id='word_1_258' title='bbox 522 2016 589 2061; x_wconf 90' lang='lat' dir='ltr'>opem</span> <span class='ocrx_word' id='word_1_259' title='bbox 607 2004 630 2045; x_wconf 92' lang='lat' dir='ltr'>et</span> <span class='ocrx_word' id='word_1_260' title='bbox 642 2002 741 2063; x_wconf 81' lang='lat' dir='ltr'>gratiam</span> <span class='ocrx_word' id='word_1_261' title='bbox 758 2001 860 2046; x_wconf 88' lang='lat' dir='ltr'>divinam</span> <span class='ocrx_word' id='word_1_262' title='bbox 872 2006 985 2062; x_wconf 88' lang='lat' dir='ltr'>expetunt.</span> 
     </span>
     <span class='ocr_line' id='line_1_26' title="bbox 116 2062 987 2133; baseline 0.001 -17"><span class='ocrx_word' id='word_1_263' title='bbox 116 2073 178 2117; x_wconf 85' lang='lat' dir='ltr'>Valet</span> <span class='ocrx_word' id='word_1_264' title='bbox 191 2062 275 2133; x_wconf 86' lang='lat' dir='ltr'>quippe</span> <span class='ocrx_word' id='word_1_265' title='bbox 289 2073 363 2119; x_wconf 81' lang='lat' dir='ltr'>illud:</span> <span class='ocrx_word' id='word_1_266' title='bbox 378 2073 501 2117; x_wconf 86' lang='lat' dir='ltr'>esurientes</span> <span class='ocrx_word' id='word_1_267' title='bbox 515 2071 620 2131; x_wconf 88' lang='lat' dir='ltr'>implevit</span> <span class='ocrx_word' id='word_1_268' title='bbox 630 2071 702 2123; x_wconf 91' lang='lat' dir='ltr'>bonis.</span> <span class='ocrx_word' id='word_1_269' title='bbox 718 2072 792 2116; x_wconf 87' lang='lat' dir='ltr'>Verba</span> <span class='ocrx_word' id='word_1_270' title='bbox 806 2072 865 2116; x_wconf 87' lang='lat' dir='ltr'>bene</span> <span class='ocrx_word' id='word_1_271' title='bbox 880 2074 987 2133; x_wconf 85' lang='lat' dir='ltr'>expendit</span> 
     </span>
     <span class='ocr_line' id='line_1_27' title="bbox 115 2142 987 2203; baseline 0 -14"><span class='ocrx_word' id='word_1_272' title='bbox 115 2146 138 2189; x_wconf 90' lang='lat' dir='ltr'>S.</span> <span class='ocrx_word' id='word_1_273' title='bbox 150 2145 228 2203; x_wconf 73' lang='lat' dir='ltr'>Otr-ps.</span> <span class='ocrx_word' id='word_1_274' title='bbox 240 2159 247 2189; x_wconf 90' lang='lat'><em>:</em></span> <span class='ocrx_word' id='word_1_275' title='bbox 259 2162 269 2186; x_wconf 77' lang='lat' dir='ltr'>c</span> <span class='ocrx_word' id='word_1_276' title='bbox 280 2144 364 2198; x_wconf 89' lang='lat' dir='ltr'>venite,</span> <span class='ocrx_word' id='word_1_277' title='bbox 377 2158 423 2188; x_wconf 91' lang='lat' dir='ltr'>non</span> <span class='ocrx_word' id='word_1_278' title='bbox 430 2144 468 2188; x_wconf 91' lang='lat' dir='ltr'>hic</span> <span class='ocrx_word' id='word_1_279' title='bbox 478 2146 501 2188; x_wconf 90' lang='lat' dir='ltr'>et</span> <span class='ocrx_word' id='word_1_280' title='bbox 507 2143 555 2196; x_wconf 89' lang='lat' dir='ltr'>ille,</span> <span class='ocrx_word' id='word_1_281' title='bbox 568 2142 607 2186; x_wconf 91' lang='lat' dir='ltr'>sed</span> <span class='ocrx_word' id='word_1_282' title='bbox 615 2156 694 2187; x_wconf 88' lang='lat' dir='ltr'>omnes</span> <span class='ocrx_word' id='word_1_283' title='bbox 703 2143 743 2201; x_wconf 91' lang='lat' dir='ltr'>qui</span> <span class='ocrx_word' id='word_1_284' title='bbox 752 2142 778 2186; x_wconf 89' lang='lat' dir='ltr'>in</span> <span class='ocrx_word' id='word_1_285' title='bbox 787 2142 949 2201; x_wconf 86' lang='lat' dir='ltr'>sollicitudine,</span> <span class='ocrx_word' id='word_1_286' title='bbox 962 2146 987 2188; x_wconf 91' lang='lat' dir='ltr'>in</span> 
     </span>
    </p>
   </div>
   <div class='ocr_carea' id='block_1_9' title="bbox 116 2214 1026 2275">
    <p class='ocr_par' dir='ltr' id='par_1_12' title="bbox 116 2214 1026 2275">
     <span class='ocr_line' id='line_1_28' title="bbox 116 2214 1026 2275; baseline 0.001 -16"><span class='ocrx_word' id='word_1_287' title='bbox 116 2214 216 2269; x_wconf 86' lang='lat' dir='ltr'>tristitia,</span> <span class='ocrx_word' id='word_1_288' title='bbox 227 2215 358 2275; x_wconf 88' lang='lat' dir='ltr'>inpeccatis</span> <span class='ocrx_word' id='word_1_289' title='bbox 368 2215 429 2267; x_wconf 81' lang='lat' dir='ltr'>estis3</span> <span class='ocrx_word' id='word_1_290' title='bbox 443 2215 519 2259; x_wconf 90' lang='lat' dir='ltr'>venite</span> <span class='ocrx_word' id='word_1_291' title='bbox 532 2229 578 2257; x_wconf 93' lang='lat' dir='ltr'>non</span> <span class='ocrx_word' id='word_1_292' title='bbox 588 2215 614 2257; x_wconf 89' lang='lat' dir='ltr'>ut</span> <span class='ocrx_word' id='word_1_293' title='bbox 623 2227 707 2272; x_wconf 91' lang='lat' dir='ltr'>poenas</span> <span class='ocrx_word' id='word_1_294' title='bbox 720 2216 836 2273; x_wconf 85' lang='lat' dir='ltr'>expetam,</span> <span class='ocrx_word' id='word_1_295' title='bbox 849 2214 888 2258; x_wconf 89' lang='lat' dir='ltr'>sed</span> <span class='ocrx_word' id='word_1_296' title='bbox 898 2219 923 2259; x_wconf 90' lang='lat' dir='ltr'>ut</span> <span class='ocrx_word' id='word_1_297' title='bbox 935 2231 988 2275; x_wconf 87' lang='lat' dir='ltr'>pec·</span> <span class='ocrx_word' id='word_1_298' title='bbox 1025 2222 1026 2225; x_wconf 75' lang='grc'>’</span> 
     </span>
    </p>
   </div>
   <div class='ocr_carea' id='block_1_10' title="bbox 116 2284 987 2414">
    <p class='ocr_par' dir='ltr' id='par_1_13' title="bbox 116 2284 987 2414">
     <span class='ocr_line' id='line_1_29' title="bbox 116 2284 987 2343; baseline 0 -13"><span class='ocrx_word' id='word_1_299' title='bbox 116 2289 165 2330; x_wconf 89' lang='lat' dir='ltr'>cata</span> <span class='ocrx_word' id='word_1_300' title='bbox 178 2285 274 2339; x_wconf 85' lang='lat' dir='ltr'>solvam;</span> <span class='ocrx_word' id='word_1_301' title='bbox 288 2286 362 2330; x_wconf 89' lang='lat' dir='ltr'>venite</span> <span class='ocrx_word' id='word_1_302' title='bbox 372 2300 416 2329; x_wconf 90' lang='lat' dir='ltr'>non</span> <span class='ocrx_word' id='word_1_303' title='bbox 428 2285 490 2343; x_wconf 86' lang='lat' dir='ltr'>quod</span> <span class='ocrx_word' id='word_1_304' title='bbox 499 2284 574 2341; x_wconf 90' lang='lat' dir='ltr'>gloria</span> <span class='ocrx_word' id='word_1_305' title='bbox 583 2287 658 2327; x_wconf 86' lang='lat' dir='ltr'>vestra</span> <span class='ocrx_word' id='word_1_306' title='bbox 668 2298 760 2340; x_wconf 87' lang='lat' dir='ltr'>egeam,</span> <span class='ocrx_word' id='word_1_307' title='bbox 773 2284 812 2328; x_wconf 89' lang='lat' dir='ltr'>sed</span> <span class='ocrx_word' id='word_1_308' title='bbox 822 2284 884 2343; x_wconf 89' lang='lat' dir='ltr'>quod</span> <span class='ocrx_word' id='word_1_309' title='bbox 893 2287 987 2330; x_wconf 86' lang='lat' dir='ltr'>salutem</span> 
     </span>
     <span class='ocr_line' id='line_1_30' title="bbox 117 2350 987 2414; baseline 0.001 -14"><span class='ocrx_word' id='word_1_310' title='bbox 117 2359 214 2400; x_wconf 87' lang='lat' dir='ltr'>vestram</span> <span class='ocrx_word' id='word_1_311' title='bbox 222 2357 307 2412; x_wconf 74' lang='lat' dir='ltr'>sitiam,</span> <span class='ocrx_word' id='word_1_312' title='bbox 318 2370 360 2414; x_wconf 87' lang='lat' dir='ltr'>ego</span> <span class='ocrx_word' id='word_1_313' title='bbox 371 2370 409 2399; x_wconf 91' lang='lat' dir='ltr'>vos</span> <span class='ocrx_word' id='word_1_314' title='bbox 420 2356 532 2410; x_wconf 80' lang='lat' dir='ltr'>reficiam3</span> <span class='ocrx_word' id='word_1_315' title='bbox 543 2367 589 2397; x_wconf 91' lang='grc'>000</span> <span class='ocrx_word' id='word_1_316' title='bbox 597 2353 653 2396; x_wconf 88' lang='lat' dir='ltr'>dixit</span> <span class='ocrx_word' id='word_1_317' title='bbox 663 2354 735 2398; x_wconf 91' lang='lat' dir='ltr'>solum</span> <span class='ocrx_word' id='word_1_318' title='bbox 745 2354 838 2408; x_wconf 81' lang='lat' dir='ltr'>salvabo</span> <span class='ocrx_word' id='word_1_319' title='bbox 848 2350 936 2414; x_wconf 78' lang='grc' dir='ltr'>(σώσω),</span> <span class='ocrx_word' id='word_1_320' title='bbox 947 2357 987 2400; x_wconf 90' lang='lat' dir='ltr'>sed</span> 
     </span>
    </p>
   </div>
   <div class='ocr_carea' id='block_1_11' title="bbox 117 2415 1033 2487">
    <p class='ocr_par' dir='ltr' id='par_1_14' title="bbox 117 2415 1033 2487">
     <span class='ocr_line' id='line_1_31' title="bbox 117 2415 1033 2487; baseline 0.005 -21"><span class='ocrx_word' id='word_1_321' title='bbox 117 2427 177 2487; x_wconf 80' lang='lat' dir='ltr'>quod</span> <span class='ocrx_word' id='word_1_322' title='bbox 188 2428 261 2471; x_wconf 77' lang='lat' dir='ltr'>multo</span> <span class='ocrx_word' id='word_1_323' title='bbox 272 2427 323 2487; x_wconf 82' lang='lat' dir='ltr'>plus</span> <span class='ocrx_word' id='word_1_324' title='bbox 335 2429 367 2472; x_wconf 77' lang='lat' dir='ltr'>est</span> <span class='ocrx_word' id='word_1_325' title='bbox 383 2442 387 2471; x_wconf 91' lang='lat'>:</span> <span class='ocrx_word' id='word_1_326' title='bbox 400 2425 419 2466; x_wconf 82' lang='grc' dir='ltr'>ἐν</span> <span class='ocrx_word' id='word_1_327' title='bbox 433 2415 492 2483; x_wconf 77' lang='grc' dir='ltr'>ἀδείᾳ</span> <span class='ocrx_word' id='word_1_328' title='bbox 505 2423 631 2471; x_wconf 68' lang='grc' dir='ltr'>καταστήσω</span> <span class='ocrx_word' id='word_1_329' title='bbox 642 2426 698 2484; x_wconf 70' lang='grc' dir='ltr'>πάσῃ</span> <span class='ocrx_word' id='word_1_330' title='bbox 712 2438 733 2465; x_wconf 72' lang='lat' dir='ltr'>s,</span> <span class='ocrx_word' id='word_1_331' title='bbox 746 2423 911 2471; x_wconf 81' lang='lat' dir='ltr'>Commemorat</span> <span class='ocrx_word' id='word_1_332' title='bbox 922 2428 987 2471; x_wconf 82' lang='lat' dir='ltr'>Chri·</span> <span class='ocrx_word' id='word_1_333' title='bbox 1030 2463 1033 2466; x_wconf 87' lang='lat'>.</span> 
     </span>
    </p>
   </div>
   <div class='ocr_carea' id='block_1_12' title="bbox 1051 321 1090 347">
    <p class='ocr_par' dir='ltr' id='par_1_15' title="bbox 1051 321 1090 347">
     <span class='ocr_line' id='line_1_32' title="bbox 1051 321 1090 347; baseline 0.077 -3"><span class='ocrx_word' id='word_1_334' title='bbox 1051 321 1057 344; x_wconf 88' lang='lat' dir='ltr'>l</span> <span class='ocrx_word' id='word_1_335' title='bbox 1088 342 1090 347; x_wconf 95' lang='lat'><em>.</em></span> 
     </span>
    </p>
   </div>
   <div class='ocr_carea' id='block_1_13' title="bbox 92 2496 1053 2560">
    <p class='ocr_par' dir='ltr' id='par_1_16' title="bbox 92 2496 1053 2560">
     <span class='ocr_line' id='line_1_33' title="bbox 92 2496 1053 2560; baseline 0 -18"><span class='ocrx_word' id='word_1_336' title='bbox 92 2504 94 2509; x_wconf 86' lang='lat'>&#39;</span> <span class='ocrx_word' id='word_1_337' title='bbox 115 2502 161 2543; x_wconf 89' lang='lat' dir='ltr'>stus</span> <span class='ocrx_word' id='word_1_338' title='bbox 170 2498 195 2542; x_wconf 89' lang='lat' dir='ltr'>in</span> <span class='ocrx_word' id='word_1_339' title='bbox 205 2499 336 2560; x_wconf 84' lang='lat' dir='ltr'>universum</span> <span class='ocrx_word' id='word_1_340' title='bbox 347 2498 403 2542; x_wconf 87' lang='lat' dir='ltr'>duas</span> <span class='ocrx_word' id='word_1_341' title='bbox 414 2498 494 2555; x_wconf 86' lang='lat' dir='ltr'>generi</span> <span class='ocrx_word' id='word_1_342' title='bbox 503 2497 605 2541; x_wconf 88' lang='lat' dir='ltr'>humano</span> <span class='ocrx_word' id='word_1_343' title='bbox 615 2509 747 2540; x_wconf 84' lang='lat' dir='ltr'>communes</span> <span class='ocrx_word' id='word_1_344' title='bbox 757 2496 911 2552; x_wconf 87' lang='lat' dir='ltr'>necessitates,</span> <span class='ocrx_word' id='word_1_345' title='bbox 923 2498 988 2542; x_wconf 86' lang='lat' dir='ltr'>labo·</span> <span class='ocrx_word' id='word_1_346' title='bbox 1052 2552 1053 2555; x_wconf 8' lang='grc' dir='ltr'><strong>Ἴ</strong></span> 
     </span>
    </p>
   </div>
   <div class='ocr_carea' id='block_1_14' title="bbox 98 2566 993 3260">
    <p class='ocr_par' dir='ltr' id='par_1_17' title="bbox 98 2566 993 3050">
     <span class='ocr_line' id='line_1_34' title="bbox 116 2566 988 2631; baseline 0.002 -19"><span class='ocrx_word' id='word_1_347' title='bbox 116 2570 188 2631; x_wconf 20' lang='lat' dir='ltr'>ris-et</span> <span class='ocrx_word' id='word_1_348' title='bbox 204 2571 289 2625; x_wconf 89' lang='lat' dir='ltr'>oneris,</span> <span class='ocrx_word' id='word_1_349' title='bbox 306 2570 402 2614; x_wconf 88' lang='lat' dir='ltr'>alteram</span> <span class='ocrx_word' id='word_1_350' title='bbox 418 2569 524 2624; x_wconf 84' lang='lat' dir='ltr'>actionis,</span> <span class='ocrx_word' id='word_1_351' title='bbox 544 2566 655 2626; x_wconf 89' lang='lat' dir='ltr'>passionis</span> <span class='ocrx_word' id='word_1_352' title='bbox 670 2567 775 2620; x_wconf 84' lang='lat' dir='ltr'>alteram;</span> <span class='ocrx_word' id='word_1_353' title='bbox 795 2585 805 2608; x_wconf 78' lang='grc'>0</span> <span class='ocrx_word' id='word_1_354' title='bbox 823 2569 863 2627; x_wconf 87' lang='lat' dir='ltr'>qui</span> <span class='ocrx_word' id='word_1_355' title='bbox 880 2568 988 2614; x_wconf 88' lang='lat' dir='ltr'>laboratis</span> 
     </span>
     <span class='ocr_line' id='line_1_35' title="bbox 117 2637 988 2699; baseline 0 -15"><span class='ocrx_word' id='word_1_356' title='bbox 117 2639 207 2698; x_wconf 87' lang='lat' dir='ltr'>agendo</span> <span class='ocrx_word' id='word_1_357' title='bbox 218 2642 240 2683; x_wconf 91' lang='lat' dir='ltr'>et</span> <span class='ocrx_word' id='word_1_358' title='bbox 253 2655 278 2684; x_wconf 88' lang='lat' dir='ltr'>ex</span> <span class='ocrx_word' id='word_1_359' title='bbox 293 2641 379 2684; x_wconf 88' lang='lat' dir='ltr'>actione</span> <span class='ocrx_word' id='word_1_360' title='bbox 392 2640 528 2699; x_wconf 86' lang='lat' dir='ltr'>relinquitur</span> <span class='ocrx_word' id='word_1_361' title='bbox 542 2639 565 2682; x_wconf 91' lang='lat' dir='ltr'>in</span> <span class='ocrx_word' id='word_1_362' title='bbox 578 2637 643 2683; x_wconf 87' lang='lat' dir='ltr'>vobis</span> <span class='ocrx_word' id='word_1_363' title='bbox 656 2652 713 2682; x_wconf 89' lang='lat' dir='ltr'>onus</span> <span class='ocrx_word' id='word_1_364' title='bbox 724 2653 769 2697; x_wconf 89' lang='lat' dir='ltr'>quo</span> <span class='ocrx_word' id='word_1_365' title='bbox 783 2639 871 2682; x_wconf 90' lang='lat' dir='ltr'>onerati</span> <span class='ocrx_word' id='word_1_366' title='bbox 884 2641 944 2693; x_wconf 69' lang='lat' dir='ltr'>estis,</span> <span class='ocrx_word' id='word_1_367' title='bbox 957 2642 988 2684; x_wconf 86' lang='lat' dir='ltr'>ita</span> 
     </span>
     <span class='ocr_line' id='line_1_36' title="bbox 116 2708 988 2771; baseline 0 -17"><span class='ocrx_word' id='word_1_368' title='bbox 116 2710 177 2771; x_wconf 71' lang='lat' dir='ltr'>[quod</span> <span class='ocrx_word' id='word_1_369' title='bbox 186 2710 226 2770; x_wconf 88' lang='lat' dir='ltr'>qui</span> <span class='ocrx_word' id='word_1_370' title='bbox 236 2710 265 2755; x_wconf 90' lang='lat' dir='ltr'>ab</span> <span class='ocrx_word' id='word_1_371' title='bbox 272 2712 334 2754; x_wconf 88' lang='lat' dir='ltr'>omni</span> <span class='ocrx_word' id='word_1_372' title='bbox 341 2711 418 2755; x_wconf 90' lang='lat' dir='ltr'>labore</span> <span class='ocrx_word' id='word_1_373' title='bbox 425 2713 542 2769; x_wconf 88' lang='lat' dir='ltr'>exemptus</span> <span class='ocrx_word' id='word_1_374' title='bbox 551 2712 584 2754; x_wconf 88' lang='lat' dir='ltr'>est</span> <span class='ocrx_word' id='word_1_375' title='bbox 595 2709 635 2768; x_wconf 90' lang='lat' dir='ltr'>qui</span> <span class='ocrx_word' id='word_1_376' title='bbox 644 2708 707 2752; x_wconf 93' lang='grc'><strong>00110</strong></span> <span class='ocrx_word' id='word_1_377' title='bbox 717 2711 828 2765; x_wconf 84' lang='lat' dir='ltr'>gravatur</span> <span class='ocrx_word' id='word_1_378' title='bbox 838 2723 916 2765; x_wconf 87' lang='lat' dir='ltr'>onere,</span> <span class='ocrx_word' id='word_1_379' title='bbox 929 2711 988 2754; x_wconf 87' lang='lat' dir='ltr'>solus</span> 
     </span>
     <span class='ocr_line' id='line_1_37' title="bbox 116 2778 988 2837; baseline 0.002 -13"><span class='ocrx_word' id='word_1_380' title='bbox 116 2784 186 2826; x_wconf 90' lang='lat' dir='ltr'>restat</span> <span class='ocrx_word' id='word_1_381' title='bbox 197 2796 242 2827; x_wconf 87' lang='lat' dir='ltr'>non</span> <span class='ocrx_word' id='word_1_382' title='bbox 253 2782 360 2826; x_wconf 85' lang='lat' dir='ltr'>invitatus</span> <span class='ocrx_word' id='word_1_383' title='bbox 370 2796 383 2825; x_wconf 93' lang='lat' dir='ltr'>a</span> <span class='ocrx_word' id='word_1_384' title='bbox 394 2781 491 2835; x_wconf 85' lang='lat' dir='ltr'>Christo;</span> <span class='ocrx_word' id='word_1_385' title='bbox 506 2784 527 2824; x_wconf 89' lang='lat' dir='ltr'>et</span> <span class='ocrx_word' id='word_1_386' title='bbox 538 2782 598 2823; x_wconf 91' lang='lat' dir='ltr'>certe</span> <span class='ocrx_word' id='word_1_387' title='bbox 612 2792 664 2822; x_wconf 92' lang='lat' dir='ltr'>cum</span> <span class='ocrx_word' id='word_1_388' title='bbox 679 2778 775 2837; x_wconf 83' lang='lat' dir='ltr'>quilibet</span> <span class='ocrx_word' id='word_1_389' title='bbox 785 2778 855 2822; x_wconf 95' lang='lat' dir='ltr'>homo</span> <span class='ocrx_word' id='word_1_390' title='bbox 866 2780 988 2826; x_wconf 84' lang='lat' dir='ltr'>afflictione</span> 
     </span>
     <span class='ocr_line' id='line_1_38' title="bbox 115 2848 988 2911; baseline 0.001 -15"><span class='ocrx_word' id='word_1_391' title='bbox 115 2852 191 2911; x_wconf 89' lang='lat' dir='ltr'>aliqua</span> <span class='ocrx_word' id='word_1_392' title='bbox 202 2857 240 2898; x_wconf 87' lang='lat' dir='ltr'>aut</span> <span class='ocrx_word' id='word_1_393' title='bbox 250 2868 304 2899; x_wconf 89' lang='lat' dir='ltr'>cura</span> <span class='ocrx_word' id='word_1_394' title='bbox 312 2852 400 2897; x_wconf 90' lang='lat' dir='ltr'>laboret</span> <span class='ocrx_word' id='word_1_395' title='bbox 409 2853 579 2910; x_wconf 85' lang='lat' dir='ltr'>multorumque</span> <span class='ocrx_word' id='word_1_396' title='bbox 591 2848 707 2893; x_wconf 87' lang='lat' dir='ltr'>malorum</span> <span class='ocrx_word' id='word_1_397' title='bbox 717 2849 807 2893; x_wconf 87' lang='lat' dir='ltr'>sarcina</span> <span class='ocrx_word' id='word_1_398' title='bbox 817 2855 924 2896; x_wconf 88' lang='lat' dir='ltr'>oneretur</span> <span class='ocrx_word' id='word_1_399' title='bbox 934 2869 988 2897; x_wconf 90' lang='lat' dir='ltr'>con-</span> 
     </span>
     <span class='ocr_line' id='line_1_39' title="bbox 114 2919 993 2980; baseline 0.001 -13"><span class='ocrx_word' id='word_1_400' title='bbox 114 2925 259 2980; x_wconf 86' lang='lat' dir='ltr'>sequensest,</span> <span class='ocrx_word' id='word_1_401' title='bbox 268 2925 293 2967; x_wconf 90' lang='lat' dir='ltr'>ut</span> <span class='ocrx_word' id='word_1_402' title='bbox 302 2933 380 2966; x_wconf 90' lang='lat' dir='ltr'>omnes</span> <span class='ocrx_word' id='word_1_403' title='bbox 387 2933 435 2964; x_wconf 90' lang='grc'>000</span> <span class='ocrx_word' id='word_1_404' title='bbox 441 2920 514 2964; x_wconf 88' lang='lat' dir='ltr'>solum</span> <span class='ocrx_word' id='word_1_405' title='bbox 523 2919 650 2975; x_wconf 78' lang='lat' dir='ltr'>invitentur</span> <span class='ocrx_word' id='word_1_406' title='bbox 659 2921 701 2965; x_wconf 88' lang='lat' dir='ltr'>sed</span> <span class='ocrx_word' id='word_1_407' title='bbox 709 2921 779 2966; x_wconf 87' lang='lat' dir='ltr'>etiam</span> <span class='ocrx_word' id='word_1_408' title='bbox 787 2937 815 2966; x_wconf 86' lang='lat' dir='ltr'>ex</span> <span class='ocrx_word' id='word_1_409' title='bbox 823 2921 993 2969; x_wconf 87' lang='lat' dir='ltr'>conditionibus</span> 
     </span>
     <span class='ocr_line' id='line_1_40' title="bbox 98 2988 988 3050; baseline -0.002 -12"><span class='ocrx_word' id='word_1_410' title='bbox 98 3003 100 3007; x_wconf 80' lang='grc'>’</span> <span class='ocrx_word' id='word_1_411' title='bbox 112 2991 156 3038; x_wconf 88' lang='lat' dir='ltr'>sibi</span> <span class='ocrx_word' id='word_1_412' title='bbox 165 2990 221 3050; x_wconf 90' lang='lat' dir='ltr'>ipsis</span> <span class='ocrx_word' id='word_1_413' title='bbox 230 2993 329 3038; x_wconf 88' lang='lat' dir='ltr'>molestis</span> <span class='ocrx_word' id='word_1_414' title='bbox 338 2989 459 3037; x_wconf 86' lang='lat' dir='ltr'>trahantur</span> <span class='ocrx_word' id='word_1_415' title='bbox 468 3007 478 3031; x_wconf 81' lang='lat' dir='ltr'><strong>a</strong></span> <span class='ocrx_word' id='word_1_416' title='bbox 489 2988 549 3050; x_wconf 83' lang='lat' dir='ltr'>(Cui.</span> <span class='ocrx_word' id='word_1_417' title='bbox 561 2988 604 3038; x_wconf 87' lang='lat' dir='ltr'>sim</span> <span class='ocrx_word' id='word_1_418' title='bbox 614 2988 681 3050; x_wconf 77' lang='lat' dir='ltr'>Fit).</span> <span class='ocrx_word' id='word_1_419' title='bbox 692 2991 748 3038; x_wconf 90' lang='lat' dir='ltr'>Vide</span> <span class='ocrx_word' id='word_1_420' title='bbox 758 2997 812 3049; x_wconf 72' lang='grc' dir='ltr'>6,Ξὸ</span> <span class='ocrx_word' id='word_1_421' title='bbox 821 2996 844 3038; x_wconf 91' lang='lat' dir='ltr'>ct</span> <span class='ocrx_word' id='word_1_422' title='bbox 851 2996 904 3039; x_wconf 87' lang='lat' dir='ltr'>Luc.</span> <span class='ocrx_word' id='word_1_423' title='bbox 915 2999 988 3050; x_wconf 67' lang='lat' dir='ltr'>naa</span> 
     </span>
    </p>

    <p class='ocr_par' dir='ltr' id='par_1_18' title="bbox 113 3061 985 3260">
     <span class='ocr_line' id='line_1_41' title="bbox 145 3061 985 3122; baseline 0.004 -16"><span class='ocrx_word' id='word_1_424' title='bbox 145 3062 250 3113; x_wconf 81' lang='lat' dir='ltr'>Quamvis</span> <span class='ocrx_word' id='word_1_425' title='bbox 264 3062 309 3106; x_wconf 88' lang='lat' dir='ltr'>dici</span> <span class='ocrx_word' id='word_1_426' title='bbox 324 3064 393 3122; x_wconf 90' lang='lat' dir='ltr'>possit</span> <span class='ocrx_word' id='word_1_427' title='bbox 408 3077 460 3107; x_wconf 88' lang='lat' dir='ltr'>cum</span> <span class='ocrx_word' id='word_1_428' title='bbox 471 3063 532 3106; x_wconf 82' lang='lat' dir='ltr'>laus.</span> <span class='ocrx_word' id='word_1_429' title='bbox 550 3063 647 3119; x_wconf 89' lang='lat' dir='ltr'>utraque</span> <span class='ocrx_word' id='word_1_430' title='bbox 664 3075 719 3105; x_wconf 92' lang='lat' dir='ltr'>voce</span> <span class='ocrx_word' id='word_1_431' title='bbox 731 3061 818 3106; x_wconf 92' lang='lat' dir='ltr'>laboris</span> <span class='ocrx_word' id='word_1_432' title='bbox 835 3066 857 3107; x_wconf 87' lang='lat' dir='ltr'>et</span> <span class='ocrx_word' id='word_1_433' title='bbox 873 3066 945 3108; x_wconf 89' lang='lat' dir='ltr'>oneris</span> <span class='ocrx_word' id='word_1_434' title='bbox 961 3067 985 3108; x_wconf 90' lang='lat' dir='ltr'>in</span> 
     </span>
     <span class='ocr_line' id='line_1_42' title="bbox 113 3132 985 3193; baseline -0.001 -16"><span class='ocrx_word' id='word_1_435' title='bbox 113 3134 244 3178; x_wconf 87' lang='lat' dir='ltr'>universum</span> <span class='ocrx_word' id='word_1_436' title='bbox 253 3132 377 3189; x_wconf 87' lang='lat' dir='ltr'>significari</span> <span class='ocrx_word' id='word_1_437' title='bbox 388 3134 534 3178; x_wconf 83' lang='lat' dir='ltr'>afflictionem</span> <span class='ocrx_word' id='word_1_438' title='bbox 547 3145 729 3193; x_wconf 85' lang='lat' dir='ltr'>quamcumque,</span> <span class='ocrx_word' id='word_1_439' title='bbox 744 3136 822 3177; x_wconf 90' lang='lat' dir='ltr'>tamen</span> <span class='ocrx_word' id='word_1_440' title='bbox 833 3134 936 3193; x_wconf 88' lang='lat' dir='ltr'>plerique</span> <span class='ocrx_word' id='word_1_441' title='bbox 947 3151 985 3178; x_wconf 90' lang='grc'>00-</span> 
     </span>
     <span class='ocr_line' id='line_1_43' title="bbox 113 3202 985 3260; baseline 0.001 -11"><span class='ocrx_word' id='word_1_442' title='bbox 113 3204 185 3251; x_wconf 87' lang='lat' dir='ltr'>tiones</span> <span class='ocrx_word' id='word_1_443' title='bbox 191 3205 250 3250; x_wconf 84' lang='lat' dir='ltr'>inter</span> <span class='ocrx_word' id='word_1_444' title='bbox 259 3218 282 3248; x_wconf 91' lang='lat' dir='ltr'>se</span> <span class='ocrx_word' id='word_1_445' title='bbox 289 3203 440 3260; x_wconf 84' lang='lat' dir='ltr'>distinguunt,</span> <span class='ocrx_word' id='word_1_446' title='bbox 451 3205 490 3250; x_wconf 90' lang='lat' dir='ltr'>sed</span> <span class='ocrx_word' id='word_1_447' title='bbox 497 3204 567 3249; x_wconf 84' lang='lat' dir='ltr'>varie.</span> <span class='ocrx_word' id='word_1_448' title='bbox 577 3202 712 3260; x_wconf 88' lang='lat' dir='ltr'>intelligunt</span> <span class='ocrx_word' id='word_1_449' title='bbox 722 3203 851 3248; x_wconf 77' lang='lat' dir='ltr'>laborantes</span> <span class='ocrx_word' id='word_1_450' title='bbox 859 3204 907 3249; x_wconf 88' lang='lat' dir='ltr'>scil.</span> <span class='ocrx_word' id='word_1_451' title='bbox 918 3221 985 3255; x_wconf 84' lang='lat' dir='ltr'>onere</span> 
     </span>
    </p>
   </div>
   <div class='ocr_carea' id='block_1_15' title="bbox 0 0 1110 3575">
    <p class='ocr_par' dir='ltr' id='par_1_19' title="bbox 0 0 1110 3575">
     <span class='ocr_line' id='line_1_44' title="bbox 0 0 1110 3575; baseline 0 1"><span class='ocrx_word' id='word_1_452' title='bbox 0 0 1110 3575; x_wconf 95' lang='lat' dir='ltr'> </span> 
     </span>
    </p>
   </div>
  </div>
 </body>
</html>
