2239 3511
153 182 166 219 4
348 190 373 219 DE
388 190 404 219 S.
421 188 529 228 lllATTlidEO
543 187 633 218 AUCTORE
649 187 706 218 PRIMI
721 185 837 216 uulnerati.

154 284 256 345 ponitur,
269 300 316 330 non
332 288 385 330 sunt
398 283 506 329 censendi
522 284 609 328 fratres.
620 285 676 328 Cum
693 281 855 342 apostolibini
868 279 1032 340 1111111111-

92 357 94 360 ’
154 355 240 401 tionem
250 373 260 397 u
270 359 292 400 et
305 374 315 397 a
332 355 508 412 coniungantur,
520 354 643 399 Matthaeus
656 356 733 400 autem
747 361 800 399 cum
815 350 903 397 Thema
916 366 963 396 non
978 364 1031 396 cum

153 425 350 487 Jacoboponatur,
364 425 416 470 suut
430 426 470 485 qui
484 426 621 471 llatthacum
637 424 734 485 septimo
748 425 799 470 loco
816 426 923 469 vocatum
940 424 1029 483 putent.

117 496 118 499 ’
153 498 197 542 Sed
216 513 251 543 res
265 498 332 557 plane
348 497 424 556 dubia
439 501 523 542 manet.

145 617 146 620 ,
184 569 289 614 Matthaei
298 583 382 614 nomen
391 569 416 613 in
425 568 549 626 Evangelio
558 571 650 627 praeter
658 568 775 625 catalogos
783 582 831 612 non
840 566 947 621 occurrit,
957 578 1031 625 quare
1108 590 1110 594 ,

155 640 237 685 merito
259 640 397 685 concludere
417 640 478 692 licet,
497 655 549 685 eum
568 654 615 684 non
635 639 705 685 fuisse
726 654 783 699 prae
802 638 885 683 cet'eris
906 637 1030 694 insignem.

154 716 226 764 Quam
245 715 335 771 partem
351 715 431 772 postea
447 711 554 757 habuerit
572 712 597 756 in
612 710 733 769 evangelio
750 712 810 756 inter
824 710 921 755 Iudaeos
938 707 1032 768 praedi-

155 784 369 839 cando,incertum.
383 783 511 835 Secundum
528 783 664 829 Clementem
676 782 709 827 At
721 797 763 842 per
776 781 910 842 quindecim
924 793 995 826 annos
1007 779 1033 825 in

73 888 80 901 .
154 856 283 900 Palaestina
299 855 445 915 praedicavit,
466 854 535 899 vitam
555 854 638 899 dicitur
656 854 730 913 egisse
749 856 873 908 austeram,
890 855 1033 913 perpetuae

153 926 262 971 carnibus
278 926 394 971 abstinens
411 925 488 985 (Paed.
501 930 524 983 2,
544 932 567 981 1,
579 927 626 971 th
644 930 665 981 8,
682 925 742 984 198).
758 926 834 970 Easeb
850 926 874 970 h.
891 940 910 969 c.
923 930 944 969 3.
961 928 1030 979 9118,

92 1043 93 1046 ,
153 1000 244 1042 tantum
260 1001 425 1048 commemorat
436 997 674 1057 praedicationemin
687 996 817 1041 Palaestina
830 999 853 1041 ct
864 996 1033 1066 protectionem
1064 1020 1065 1023 =

154 1068 184 1114 ad
198 1069 263 1124 alios,
280 1069 321 1113 sed
334 1069 362 1114 de
372 1072 475 1128 tempore
490 1073 511 1113 et
524 1069 574 1113 loce
589 1068 647 1114 silet.
659 1069 683 1113 S.
700 1069 754 1113 Hier
768 1067 806 1127 (de
820 1067 875 1112 viris
887 1068 921 1111 ill.
938 1067 959 1126 81
973 1065 1034 1111 nihil

154 1141 225 1185 refert
235 1140 265 1184 de
280 1141 326 1185 vita
340 1144 361 1185 et
377 1140 547 1200 praedicatione
563 1139 669 1200 apostoli.
685 1140 782 1199 Rafir'cas
800 1139 833 1199 (h.
849 1143 920 1194 1,.1,9
936 1141 1031 1194 list-21,
1109 1140 1111 1144 ⁴

125 1214 126 1218 ’
155 1211 408 1271 17818111111111111.
424 1211 652 1270 1,19,111197,126)
668 1210 898 1256 aliillatthaeumin
911 1209 1033 1269 Aethiopia
1081 1195 1082 1198 ¹
1106 1205 1107 1208 ¹

26 1284 28 1287 ’
90 1297 93 1301 ’
153 1282 301 1340 evangelium
315 1296 455 1342 propagasse
474 1282 561 1336 volunt,
577 1284 601 1327 S.
616 1282 748 1326 Arrtbrasias
765 1284 789 1326 in
807 1282 884 1327 Persia
902 1277 935 1342 (in
953 1285 979 1325 Ps
995 1285 1031 1337 15,

154 1371 178 1400 n.
191 1359 228 1408 nl,
244 1346 661 1412 11111,11131Ρ11111111111111
677 1353 702 1397 in
717 1354 810 1398 Parthia
830 1352 961 1412 apostolum
977 1353 1033 1398 (licit
1089 1395 1091 1398 .

154 1426 278 1485 sepultum,
296 1442 306 1466 1
320 1425 413 1469 Parthia
431 1425 569 1486 Matthaeum
585 1425 744 1485 complectitur
757 1440 779 1480 >›;
801 1440 871 1470 carm.
891 1429 925 1480 19,
940 1429 966 1470 81
982 1426 1033 1484 (ML

154 1500 191 1553 61,
203 1496 264 1555 bib),
279 1488 457 1556 Ps-He'ppolytas
478 1496 584 1540 similiter
598 1501 693 1553 ἐκοιμήθη
710 1502 730 1541 ἐν
748 1496 818 1555 Ἱερέει
831 1509 867 1554 τῆς
885 1487 985 1555 Hecatae,
1003 1497 1031 1542 de

153 1567 277 1612 duodecim
296 1567 404 1627 apostolis
423 1567 745 1627 (11911151111111111.
763 1571 790 1612 ln
807 1568 895 1613 actibus
917 1568 1030 1622 1111111111,

152 1638 239 1683 saeculi
252 1637 312 1699 115,
325 1639 441 1699 apostolus
453 1639 648 1698 anthropophagis
662 1639 808 1697 evangelium
819 1640 942 1684 annuntiat
951 1639 1030 1698 ibique

153 1710 264 1768 martyrio
285 1713 415 1754 coronatur.
431 1709 560 1764 Secundum
579 1710 706 1755 versionem
725 1710 823 1755 latinam
843 1711 900 1768 haec
919 1715 1032 1767 geruntur

153 1782 215 1842 apud
231 1781 303 1826 llcdos
317 1799 328 1822 a
343 1781 383 1840 qui
397 1781 500 1825 homines
515 1781 685 1826 manducabant
700 1781 787 1842 »111111
804 1782 962 1841 apostolorum
977 1780 1032 1841 apo-

153 1853 248 1912 crypha,
259 1851 456 1911 Lipsiae-Bonna,
469 1857 489 1906 1,
501 1857 512 1896 1
523 1856 628 1907 arn-noe,
639 1853 888 1907 189811111111111111,
900 1853 1032 1899 Gcschichte

152 1925 193 1968 der
209 1923 385 1968 altlrirchlichcn
398 1923 509 1967 Literatnr
525 1921 558 1978 12,
576 1929 640 1978 1913,
662 1923 734 1983 5881).
750 1924 878 1969 Heracleon
896 1925 969 1984 (apud
982 1925 1032 1969 Cle·
1079 1922 1082 1927 ’

152 1998 254 2039 mentem
264 1993 326 2051 Alex,
339 1999 421 2039 Strom.
435 1998 455 2049 1,
468 2000 488 2048 9,
501 1996 527 2038 11
529 1996 548 2039 G
558 1999 579 2049 8,
592 1999 647 2040 1281
663 1996 688 2055 Β)
698 1996 837 2040 llatthaeurn
848 2011 901 2040 cum
912 1996 962 2039 aliis
976 1995 1032 2039 dicit

153 2069 249 2110 mortem
260 2065 389 2110 naturalem
400 2061 489 2119 obiisse,
500 2066 614 2120 Clemente
623 2082 669 2111 nou
680 2067 858 2122 contradicente,
867 2067 929 2111 unde
940 2067 1032 2111 videtur

153 2128 338 2183 concludendum
349 2152 404 2191 esse,
412 2137 527 2181 ¹Clementi
539 2137 601 2182 aliud
616 2141 696 2182 notum
708 2153 755 2182 non
764 2138 841 2183 fuisse.
852 2139 878 2183 Cf
889 2141 944 2183 Acta
962 2141 1031 2183 Sanc-

153 2213 237 2264 tarum,
254 2211 315 2268 Sept.
327 2211 360 2253 Vl.
376 2213 449 2252 206ss.

294 2389 322 2423 11.
333 2407 356 2413 —
365 2389 397 2422 De
408 2389 428 2423 S.
439 2389 556 2422 Malthace
567 2391 659 2423 a'uctcre
670 2389 737 2431 primi
747 2389 874 2432 Evangelii.

366 2503 386 2535 Α.
397 2520 421 2527 ·-
431 2510 453 2534 nu
464 2510 560 2535 EVANGELH
569 2511 684 2535 EXSISTEN'HA
694 2511 716 2535 ET
726 2511 814 2539 AUCTORE.

182 2632 202 2671 1.
213 2628 245 2670 De
255 2624 377 2683 annpeln'
387 2624 526 2669 annaneane.
547 2626 580 2668 En
588 2628 692 2669 nostrum
703 2624 796 2669 saeculo
810 2626 911 2670 seeundo
920 2626 946 2670 in
957 2627 1032 2672 omni-

151 2699 194 2742 bus
209 2696 315 2740 ecclesiae
329 2696 433 2754 partibus
446 2699 526 2740 notum
536 2695 611 2759 fuisse,
626 2695 714 2755 passim
728 2701 863 2756 usurpatum
878 2701 900 2741 et
913 2698 1029 2756 agnitum,

151 2783 229 2813 omnes
249 2768 295 2812 fere
315 2768 438 2826 scriptores
458 2767 525 2812 huius
546 2767 626 2813 aetatis
645 2768 806 2813 testificantur.
828 2769 920 2814 Etiamsi
938 2770 1031 2814 interim

152 2840 277 2884 onnttimus
293 2838 423 2883 testimonia
442 2838 549 2898 explicita
569 2839 597 2884 de
613 2843 713 2894 auctore,
731 2841 790 2894 Tem,
806 2839 969 2894 Alexandrini,
983 2842 1031 2885 Ire-

152 2925 221 2955 naens
231 2911 274 2954 hoc
285 2909 407 2967 Evangelio
418 2909 483 2954 toties
493 2913 595 2963 utuntur,
607 2910 709 2967 integras
722 2911 833 2956 sectiones
845 2911 954 2969 allegant,
966 2916 991 2956 11
1004 2928 1031 2956 ex

153 2995 233 3026 eorum
256 2981 389 3026 testimoniis
408 2983 469 3025 certa
490 2981 603 3025 conclusio
614 2981 697 3026 deduci
715 2982 794 3041 possit,
815 2983 1030 3041 Evangeliumante

151 3052 255 3098 medium
266 3052 383 3097 saeculum
397 3052 523 3098 secundum
534 3052 602 3097 luisse
613 3052 688 3112 quoad
703 3056 790 3097 textum
804 3057 907 3099 nostrum
919 3069 1030 3112 graecum

151 3123 221 3186 plene
232 3123 373 3169 ahsolutum.
390 3126 494 3169 irenaeus
506 3124 567 3169 enim
583 3124 602 3168 si
613 3124 701 3169 codices
711 3124 826 3180 adhibuit,
840 3126 878 3185 qui
888 3127 1031 3187 antiquiores
