2239 3511
68 201 78 234 j
111 185 149 227 322
239 233 240 236 Ἴ
469 193 547 222 arama.
562 183 582 227 6,
599 182 631 221 13.

110 285 181 326 velue
191 285 254 326 facias
263 286 287 324 ut
296 282 460 329 consentiamus,
472 281 516 321 noll
526 280 608 321 efficere
619 282 644 320 ut
654 280 819 320 succumbamus
829 281 951 321 tentationi.
964 281 991 322 Ul
1041 319 1042 322 ,

110 350 174 391 verba
186 350 260 388 sonant
274 348 366 399 petimus
380 347 445 398 igitur
455 358 467 385 6
477 345 523 386 Deo
533 356 538 384 t
549 357 577 386 ne
591 356 629 385 nos
638 344 764 401 inducas-in
777 347 890 396 peccatum
904 345 931 397 (p.
947 339 988 399 93).

112 414 152 454 Sed
165 425 214 453 cum
227 412 268 453 tale
279 412 330 464 quid
343 408 486 466 nequeat-nec
494 410 584 462 cogitari
594 421 633 450 nec
644 409 693 461 dici,
706 409 783 449 debere
795 409 895 461 explicari
908 420 911 448 ι
923 410 991 451 tacut

110 472 222 518 tentationi
232 489 275 518 non
289 477 453 531 consentiamus.
464 476 540 528 Utique
554 476 584 515 ita
596 474 756 515 debettandem
767 474 809 514 dici
820 486 847 514 116
857 474 990 525 blasphemia

109 544 218 583 habeatur.
229 543 307 583 Verum
319 541 370 595 quid
379 542 425 595 ipsa
433 542 498 583 verba
508 542 596 582 sonant?
607 542 630 580 ut
641 540 679 579 tali
689 540 812 592 acceptione
824 539 939 592 proposita,
951 552 989 580 au-

111 609 183 648 dacter
193 608 301 649 concludit
312 621 316 648 :
327 608 360 647 bei
374 607 444 649 dieser
451 619 540 648 unserer
550 606 670 658 Erlrlarung
680 605 728 646 sind
740 605 780 646 alle
794 605 867 646 Wenn
880 605 923 645 und
934 606 990 645 Aber
1003 615 1028 648 ··.

95 668 238 726 'ubertussig
247 674 292 713 und
306 673 396 714 braucht
410 684 432 714 es
449 669 514 715 lxein'e
530 670 749 723 Unterscheidungen,
764 671 861 713 Glauseln
878 671 926 720 und¹
937 672 988 710 Ein-
1044 664 1048 678 l

110 738 281 792 schrenlungenl
294 739 377 780 ltaue‘lt
386 738 488 794 cumipse
496 741 568 792 aperte
579 739 636 778 dicat
646 748 651 776 2
661 736 732 778 uerbis
739 736 762 777 id
771 736 861 788 exprimi
867 736 924 787 quod
933 737 988 776 Deus

109 815 136 843 ue
146 803 210 844 faciat
219 804 311 856 petimus
322 816 326 844 :
337 804 381 844 scil‘.
393 815 431 843 nos
440 804 462 842 in
472 806 584 855 peceatum
593 802 696 843 inducere
707 801 734 855 (p.
745 801 786 856 93).

136 869 234 909 Dicamus
242 869 313 920 itaque
320 880 367 908 eum
375 869 451 908 Suarez
459 880 498 908 nos
504 868 613 920 postulare
620 879 648 907 ne
655 868 677 907 in
686 866 770 907 1161116111
777 869 917 908 tentationem
926 868 988 908 indu-

109 944 192 982 camur,
205 949 214 970 c
225 937 276 973 tunc
290 934 346 973 enim
356 933 449 973 maxime
463 932 530 973 tribui
545 933 599 973 solet
613 934 657 972 Deo
668 933 724 983 quod
738 932 850 983 permittit,
866 933 951 985 quando
962 944 988 973 ex

108 995 165 1038 certa
175 993 346 1050 praescientia‘et
359 1009 401 1038 non
414 997 511 1038 obstante
525 998 581 1038 malo
592 996 690 1049 praeviso
704 996 758 1036 illud
772 997 876 1049 permittit
891 1012 909 1036 a.
921 999 946 1037 Et
956 998 986 1037 ita
1054 992 1055 996 ’

108 1063 212 1103 dissensio
222 1063 278 1103 inter
285 1066 396 1114 utramque
403 1062 565 1113 explicationem
575 1064 629 1102 teste
640 1060 756 1114 Suarattn.
767 1061 839 1115 33-35)
849 1065 880 1102 est
888 1063 956 1115 magis
964 1063 987 1102 in

107 1128 176 1169 verbis
186 1139 250 1180 quam
260 1128 283 1167 in
293 1140 321 1168 re.
333 1114 359 1167 El
367 1127 407 1167 hae
420 1127 502 1168 ratione
515 1125 580 1167 etiarn
591 1138 720 1179 responsum
729 1129 762 1168 est
771 1127 796 1167 iis
807 1127 844 1178 qui
855 1130 930 1179 urgent
940 1128 986 1168 fieri

42 1239 44 1244 4
106 1205 148 1234 non
158 1204 221 1245 posse
231 1193 308 1233 utnon
319 1195 430 1240 tentemur,
442 1192 550 1233 Christum
561 1196 632 1233 autem
642 1204 685 1232 non
695 1204 757 1244 posse
769 1192 830 1233 nobis
840 1193 985 1245 praescribere

106 1261 130 1298 ut
140 1258 428 1310 impossibiliapostulemus,
436 1269 482 1298 esse
491 1257 698 1305 tentationesuliles,
708 1257 810 1304 virtutem
820 1258 910 1298 docente
920 1259 984 1299 Paulo

107 1323 230 1363 infirmitate
242 1324 323 1375 perlici,
337 1334 383 1362 esse
393 1323 464 1373 ignavi
477 1322 551 1362 militis
562 1325 634 1374 petere
647 1323 723 1362 educe
735 1334 762 1362 nc
773 1323 884 1367 certamini
895 1334 985 1375 expona-

106 1391 141 1428 tur
152 1391 191 1428 etc.

135 1490 190 1532 Huic
200 1488 311 1548 petitioni,
321 1491 346 1533 ut
355 1504 368 1532 a
377 1489 444 1532 noxia
452 1489 579 1533 tentatione
586 1502 712 1543 servemur,
722 1487 790 1532 aliam
800 1503 897 1547 eamque
904 1489 984 1534 adiun-

104 1574 158 1617 gere
171 1559 278 1604 iubemur
288 1559 427 1617 generalem,
440 1562 465 1602 ut
475 1559 503 1603 ab
514 1558 576 1602 omni
588 1558 649 1609 malo
661 1558 802 1602 liberemur:
814 1558 855 1603 sed
863 1559 935 1604 libero
944 1576 984 1604 1166

104 1646 118 1674 o
131 1630 192 1675 111616
195 1644 206 1687 ,¹
214 1632 276 1687 ἀλλὰ,
286 1629 327 1674 sed
334 1630 472 1675 sententiam
481 1629 655 1674 antecedentem
662 1629 822 1673 itaconfirmat
829 1633 854 1674 ut
863 1630 932 1674 simul
942 1632 983 1676 ali-

104 1700 265 1761 quidulterius
276 1701 403 1761 postuletur
415 1717 419 1746 :
432 1715 477 1744 non
485 1701 558 1745 solum
572 1700 672 1760 petimus
681 1715 710 1744 116
720 1715 762 1745 nos
772 1700 868 1745 inducat
876 1701 900 1745 in
909 1704 983 1747 tenta-

103 1764 196 1827 tionem,
212 1772 252 1817 sed
263 1773 391 1829 generatim
401 1775 426 1816 ut
437 1771 466 1815 ah
479 1771 543 1815 omni
555 1772 617 1816 malo
627 1786 669 1816 nos
679 1771 761 1830 eripiat
775 1771 813 1832 (cf.
825 1771 933 1832 Scirona).
949 1777 983 1818 lta

103 1845 165 1888 enim
175 1845 229 1889 ἀλλὰ
238 1845 290 1902 post
302 1843 436 1887 sententiani
447 1849 572 1899 negantem
583 1857 650 1901 saepe
660 1842 716 1901 poni
728 1843 793 1896 solet,
807 1845 834 1887 ut
844 1843 926 1902 aliquis
936 1859 983 1889 ser·
1042 1895 1044 1901 Ι

103 1913 178 1958 monis
190 1927 333 1973 progressus,
349 1913 436 1972 aliquid
451 1913 524 1956 maius
540 1917 561 1956 et
575 1912 676 1971 amplius
688 1913 856 1958 introducatur.
869 1917 940 1965 Quare
956 1931 982 1960 ea

102 1985 173 2029 verba
186 1997 270 2030 novam
281 1980 402 2029 continent
410 1983 545 2043 petitionem
556 1984 585 2027 ab
598 1984 747 2027 antecedente
758 1983 896 2030 distinctam.
909 1989 981 2046 Atque

100 2057 203 2115 prolecto
217 2057 336 2116 angustius
346 2056 461 2115 explicant
475 2055 515 2114 qui
526 2055 551 2098 111
564 2055 592 2099 116
605 2054 664 2098 nihil
677 2055 741 2098 aliud
751 2058 847 2099 cernunt
856 2056 899 2100 nisi
909 2058 981 2101 solam

101 2126 276 2186 explicationem
290 2126 372 2186 prioris
388 2128 426 2170 aut
439 2141 500 2169 nunc
517 2125 563 2168 dici
580 2140 622 2184 per
637 2126 732 2182 modum
746 2126 906 2170 affirmationis
917 2129 981 2186 ,quod

100 2200 167 2241 antea
175 2198 287 2241 sententia
300 2199 399 2254 negante
410 2197 550 2256 postulatum
561 2196 597 2241 sit.
609 2199 667 2241 Nam
680 2195 767 2240 razolum
778 2197 849 2241 multo
863 2198 981 2257 arrrplioris

100 2273 132 2313 cst
141 2268 315 2325 significationis
325 2283 394 2327 quam
404 2268 500 2312 tentatio
510 2271 532 2311 et
546 2267 642 2312 liberare
653 2268 779 2312 seeundum
789 2272 894 2313 nostrum
905 2272 981 2314 conci-

98 2339 176 2398 piendi
187 2339 283 2384 moduni
293 2339 357 2383 aliud
368 2339 423 2383 dicit
433 2338 549 2399 aliamque
561 2340 601 2383 Dei
610 2340 726 2383 actionem
737 2343 845 2384 connotat
853 2355 923 2399 quam
933 2357 980 2386 11611

99 2410 213 2455 inclamare.
223 2415 283 2455 Bene
290 2410 361 2455 verba
371 2410 477 2470 expendit
486 2411 511 2455 S.
523 2411 592 2469 Cppr.
603 2424 610 2454 :
621 2428 631 2451 c
642 2413 693 2469 post
700 2410 744 2453 ista
754 2410 832 2454 onmia
842 2411 867 2455 in
877 2426 980 2457 consum-

98 2481 199 2525 matione
208 2481 316 2524 orationis
327 2481 388 2524 venit
399 2481 500 2524 clausula
510 2480 627 2524 universas
637 2481 759 2539 petitiones
769 2484 792 2525 et
802 2496 881 2541 preces
892 2486 980 2529 nostras

99 2551 195 2596 collecta
204 2551 316 2612 brevitate
327 2550 472 2595 concludens.
488 2555 512 2595 ln
526 2551 650 2595 novissimo
663 2552 724 2596 enim
737 2553 844 2611 ponimus
856 2552 897 2598 aad
907 2554 979 2600 libero

98 2638 139 2668 1166
151 2638 165 2666 a
175 2622 235 2667 naulo
248 2622 465 2681 comprehendentes
478 2623 574 2667 adversa
588 2626 670 2667 cuncta
685 2638 743 2682 quae
755 2627 834 2669 eontra
847 2625 923 2670 nosin
935 2627 979 2673 1166

96 2694 182 2738 mundo
197 2694 290 2738 molitur
301 2694 415 2749 inimicare,
431 2709 444 2738 a
457 2694 540 2753 quibus
553 2697 628 2753 potest
642 2708 689 2739 esse
703 2694 749 2739 lida
762 2699 784 2740 et
797 2696 864 2740 firma
875 2697 948 2742 tutela
959 2698 978 2743 si

96 2780 136 2809 nos
152 2769 209 2809 Deus
226 2765 314 2821 liberet,
332 2766 351 2809 si
368 2766 544 2825 deprecantibus
558 2769 626 2825 atque
641 2766 819 2826 implorantibus
830 2782 897 2826 opem
914 2783 977 2815 suam

96 2839 202 2895 praestet.
222 2836 316 2886 erarado
334 2840 409 2881 autem
426 2837 521 2882 dicimus
538 2836 610 2882 libero
626 2852 694 2882 11666
711 2839 780 2896 eraclo,
799 2838 858 2882 nihil
874 2844 977 2886 renianet

96 2905 158 2966 quod
172 2906 233 2950 ultra
247 2907 322 2952 adhuc
334 2907 417 2953 debeat
433 2908 551 2968 postulari,
567 2909 660 2969 quando
674 2910 744 2954 semel
757 2912 924 2968 protectionem
938 2913 977 2957 Dei

95 2978 204 3022 adversus
213 2977 298 3021 malum
307 2982 421 3038 petamus,
434 2995 479 3039 qua
487 2981 612 3040 impetrata
622 2984 702 3025 contra
713 2981 790 3026 onrnia
801 2997 860 3041 (luae
871 2983 976 3028 diabolus

95 3052 117 3093 et
129 3047 229 3093 mundus
242 3053 364 3107 operantur
377 3052 449 3096 securi
460 3055 545 3096 stamus
562 3056 584 3096 et
596 3052 648 3096 tuti.
664 3051 717 3103 Quis
733 3053 793 3097 enim
810 3054 830 3097 61
845 3055 975 3099 (1666661116

94 3123 167 3164 metus
180 3124 213 3164 est
224 3120 260 3165 cui
269 3119 292 3163 in
303 3121 391 3165 saeculo
401 3126 458 3165 Deus
467 3126 529 3167 tutor
539 3126 572 3166 est
584 3141 593 3162 a
601 3125 610 3166 t
619 3123 744 3168 Postulatio
755 3125 828 3182 magis
839 3129 872 3170 est
882 3125 979 3169 univer--
