2211 3575
433 285 505 323 rrxrru.
518 272 555 325 la,
571 276 643 317 oran
801 274 806 284 “
901 337 903 340 ¹
942 279 979 318 603

100 377 191 435 suntne
202 375 253 436 quis
266 376 296 420 ad
309 375 452 433 ignorantiae
460 391 513 420 suae
524 376 695 421 excusationem
709 375 843 432 recurreret,
859 375 877 421 si
888 375 977 436 quidde
1021 379 1023 381 ’

100 449 193 491 aeterno
202 445 315 506 supplicio
329 445 423 490 obscure
436 445 549 491 diceretur
560 465 580 490 η.

71 527 72 531 ’
126 518 230 577 lienique
240 520 300 562 lesus
310 514 433 577 discipulos
445 516 573 574 interrogat
582 531 604 563 v.
618 521 645 562 51
658 517 804 565 intellectoris
816 520 870 565 laec
882 519 990 565 omnia?-

30 587 31 590 ’
100 591 123 633 et
138 588 155 633 ii
171 588 254 648 quihus
269 587 347 633 datum
364 592 396 634 est
410 602 478 633 nosse
494 587 603 647 mysteria
616 588 683 646 regni
701 590 816 635 coelorum
834 607 856 636 v.
873 597 908 648 11,
924 606 976 636 cum

98 659 184 717 gaudio
193 660 332 719 respondent
339 660 399 718 grati
408 660 470 720 quod
479 659 586 718 dignatus
594 659 623 704 sit
629 659 750 719 parabolas
757 663 870 720 explicare
881 678 885 708 :
898 663 973 719 etiam,

98 737 130 777 vat
142 731 157 775 i.
177 747 196 776 c.
212 746 273 786 sane,
288 732 399 791 profecto,
417 734 439 776 ct
451 747 465 776 a
477 732 555 776 multis
566 731 662 776 testibus
676 732 874 783 additurllomiae
887 735 916 778 ad
929 733 975 778 ani·

98 818 147 847 mos
157 792 285 847 reverentes
294 806 316 847 et
326 806 403 860 gratos
412 802 580 862 significandos.
591 803 714 860 Subiungit
723 804 867 863 responsioni
875 805 975 849 Christus

98 890 120 918 v.
133 879 161 918 52
171 873 222 918 idco
236 874 310 918 omitia
321 874 395 919 scriba
405 874 483 919 doctas
492 874 517 919 in
528 889 599 934 rayno
611 873 740 932 coeloram5
751 874 834 931 scriba,
846 882 978 934 γραμματεύς

98 947 114 990 i.
134 960 153 989 e.
172 945 291 1003 magister,
305 945 393 1002 doctor,
414 950 542 1003 μαθητευθεὶς
559 957 582 1006 τῇ
594 951 693 1008 Ιβασιλείᾳ
709 946 749 1004 qui
763 946 887 1007 discipulus
902 948 975 991 factus

49 1028 50 1032 ’
98 1021 132 1062 est
145 1017 211 1074 regni
229 1016 352 1072 coelorum,
371 1017 411 1076 qui
427 1017 519 1062 edoctus
529 1017 676 1062 etinstitutus
688 1021 720 1062 cst
733 1033 746 1062 a
759 1032 832 1075 regno
846 1018 972 1073 coelorum;

97 1083 124 1134 ex
132 1089 230 1133 lectione
241 1103 324 1146 graeca
334 1103 392 1148 quae
401 1089 512 1149 praeferri
522 1088 589 1133 debet
598 1101 622 1149 τῇ
634 1094 653 1144 β.
666 1088 742 1148 ipsum
752 1104 848 1147 regnum
860 1090 974 1134 coelorum

78 1156 80 1159 ⁴
97 1164 131 1206 est
141 1160 206 1219 quasi
216 1160 303 1216 doctor,
315 1160 378 1205 cuius
392 1160 499 1219 discipuli
513 1151 565 1205 sunt
580 1160 685 1218 magistri
699 1163 721 1205 et
735 1161 838 1206 doctores
846 1160 972 1217 christiani,

96 1230 180 1277 similis
195 1222 228 1275 cst
239 1230 407 1291 patrifamilias
419 1231 461 1292 qai
477 1221 564 1291 profert
579 1231 606 1276 de
622 1231 727 1276 thesauro
740 1247 780 1276 sao
792 1233 808 1277 i.
824 1248 844 1278 e.
859 1232 887 1276 de
903 1247 972 1292 penu,

95 1302 256 1364 promptuario
269 1317 316 1357 suo,
332 1317 390 1347 aava
401 1310 425 1360 ,et
437 1311 512 1347 cetera
523 1304 539 1347 i.
552 1318 571 1347 e.
584 1303 647 1347 dives
657 1303 824 1362 paterfamilias
834 1318 860 1348 ac
873 1293 974 1348 liberalis
984 1345 986 1347 .

97 1374 184 1419 affatim
200 1387 292 1433 prorsus
307 1389 332 1417 ac
346 1374 408 1433 varia
422 1374 517 1433 profert,
533 1373 617 1433 quibus
631 1373 775 1419 diversorum
790 1375 868 1434 palato
882 1374 975 1419 etdesi-

97 1445 161 1491 derio
179 1444 312 1500 satisfaciat;
330 1444 399 1489 habet
416 1445 440 1489 in
460 1440 599 1505 depositorio
612 1459 653 1489 suo
676 1444 738 1489 varia
757 1444 861 1490 ciborum
879 1460 972 1503 genera,

95 1519 184 1562 fructus
197 1521 284 1560 veteres
297 1519 319 1560 et
332 1519 441 1570 recentes,
456 1515 526 1561 hahet
539 1519 655 1560 recentem
669 1530 798 1575 novamque
811 1516 973 1576 supellectilem

84 1588 156 1633 'nova
173 1591 295 1646 veteraque
313 1602 365 1632 vasa
381 1590 489 1645 argentea
504 1586 542 1647 (cf.
561 1588 622 1631 [aas.
639 1586 712 1632 Mala.
728 1588 807 1646 Bar.);
821 1587 891 1632 simili
905 1588 972 1632 modo

96 1660 151 1704 dicit
165 1673 250 1719 sponsa
264 1659 293 1702 ad
308 1659 415 1703 dilectum
434 1672 440 1703 ε
456 1658 480 1703 in
496 1658 568 1719 portis
584 1658 669 1703 nostris
688 1657 766 1703 omnia
782 1674 859 1718 poma,
870 1653 935 1703 ¹nova
950 1661 979 1703 et'

95 1734 174 1775 vetera
187 1729 269 1775 dilecte
279 1730 312 1773 mi
326 1730 414 1775 servavi
423 1730 465 1774 tibi
480 1730 551 1789 (Cant.
567 1729 643 1790 7,13),
659 1745 704 1789 quo
720 1729 812 1774 dicendi
824 1730 891 1774 modo
905 1730 971 1790 (forte

94 1801 244 1862 proverbiali,
257 1803 283 1845 ut
293 1801 364 1846 Mali.
375 1801 507 1861 arbitratur)
519 1801 647 1859 generatim
655 1801 798 1846 abundantia
808 1804 830 1846 et
840 1801 905 1861 copia
915 1801 972 1846 desi·

94 1873 164 1931 gnari
174 1872 271 1916 videtur.
634 1868 636 1871 ’
893 1884 895 1888 ’

123 1943 180 1988 Dicit
193 1944 271 2002 itaque
292 1944 391 1989 Christus
406 1959 411 1990 :
425 1943 475 1988 ideo
490 1943 507 1990 i.
523 1959 542 1989 e.
561 1944 616 2003 quia
633 1942 777 1988 intellexistis
789 1944 924 2004 parabolas3
936 1944 968 1989 ita

93 2016 199 2076 plerique
220 2017 280 2058 recte
303 2015 444 2073 coniungunt
468 2014 506 2075 (cf.
523 2016 548 2061 S.
570 2015 650 2075 Chrys.
674 2016 735 2059 lans.
759 2015 822 2074 Splo.
840 2017 894 2059 Bor.
911 2016 968 2060 Ara.

93 2086 192 2141 Scirona,
208 2085 277 2145 Fit),
288 2101 340 2131 nam
355 2086 418 2146 quod
432 2087 456 2131 S.
473 2086 616 2146 Arrqastiaas
631 2086 727 2146 (quaest.
745 2086 769 2130 in
786 2102 821 2131 ev.
840 2087 914 2131 ltlatth.
933 2086 969 2146 16)

94 2161 173 2203 censet
188 2160 210 2203 et
220 2157 291 2202 ltlald.
303 2158 417 2218 approbat
425 2157 506 2202 referri
515 2158 540 2203 id
550 2158 579 2202 ad
588 2173 610 2203 v.
627 2161 655 2218 tt
667 2161 782 2202 etnexum
792 2172 839 2203 csse
851 2172 856 2202 ε
867 2158 971 2217 quando-

94 2230 186 2289 quidem
206 2235 304 2286 regnum
322 2229 438 2274 coelorum
454 2228 528 2273 simile
544 2232 577 2273 est
592 2230 711 2280 thesauro,
728 2229 796 2273 debet
813 2228 885 2275 omnis
903 2230 928 2273 in
944 2244 969 2273 co

92 2315 166 2358 regno
183 2300 263 2344 doctor
278 2316 337 2345 nova
354 2304 376 2345 ct
388 2305 465 2345 vetera
478 2315 504 2344 ex
515 2316 541 2345 eo
552 2301 665 2359 proferre,
681 2299 705 2343 id
721 2302 744 2344 et
754 2299 846 2357 longius
859 2300 970 2359 repetitur
1016 2313 1021 2320 ·

92 2386 168 2431 neque
179 2371 288 2415 connexio
303 2372 369 2416 facile
387 2371 573 2430 deprehenditur.
586 2370 705 2415 Existimat
714 2370 784 2414 Erat.
798 2373 897 2416 berotto
907 2372 968 2416 idem

93 2458 141 2488 csse
155 2443 216 2503 quod
225 2444 314 2498 ἀληθῶς,
327 2456 386 2498 vere,
397 2457 472 2502 neque
486 2457 532 2487 esse
548 2445 688 2500 αἰτιολογικὸν,
702 2442 742 2486 sed
751 2442 824 2486 solum
834 2446 967 2497 tetrica-atr.

92 2518 120 2559 At
132 2514 157 2558 id
172 2508 268 2558 minime
285 2516 399 2574 opus=cst3
410 2515 435 2558 in
450 2513 566 2574 parabolis
580 2513 641 2557 enim
657 2528 736 2558 revera
750 2513 835 2572 optime
849 2513 969 2558 coniuncta

92 2589 144 2631 sunt
156 2600 216 2630 nova
229 2588 251 2629 ct
261 2589 350 2640 vetera;
362 2600 420 2630 nova
434 2588 485 2630 sunt
495 2585 535 2630 illa
549 2584 659 2643 mysteria
670 2584 746 2642 regni,
758 2587 835 2629 vetera
846 2589 897 2630 sunt
910 2600 969 2645 quae

92 2655 191 2716 simplici
206 2657 338 2701 narratione
354 2672 381 2701 ex
396 2658 442 2701 vita
459 2656 573 2701 communi
593 2657 731 2716 deprompta
749 2656 969 2708 commentantium

91 2728 164 2787 igitur
178 2726 290 2772 eiusmodi
299 2727 420 2786 parabolas
433 2728 592 2773 intellexerunt
601 2731 623 2772 et
633 2729 660 2772 ut
670 2726 752 2771 Christi
762 2726 869 2786 discipuli
879 2726 968 2771 docturi

92 2802 145 2845 sunt
154 2814 212 2858 quac
223 2813 235 2842 a
245 2798 356 2856 magistro
367 2798 496 2854 audierant,
506 2814 586 2843 revera
598 2798 684 2844 similes
696 2799 749 2841 sunt
761 2797 921 2856 patrifamilias
930 2799 969 2858 qui

92 2871 180 2931 profert
192 2870 219 2914 de
230 2870 336 2914 thesauro
349 2875 392 2914 'suo
405 2885 465 2914 nova
479 2873 501 2915 et
516 2873 600 2915 vetera.
616 2873 688 2928 Atque
703 2869 783 2913 codem
796 2869 865 2913 modo
878 2884 968 2914 omnem

91 2940 230 2998 magistrum
240 2940 280 3000 qui
290 2956 337 2986 sese
345 2955 416 2998 regno
426 2940 542 2985 coelorum
552 2943 575 2984 in
586 2939 731 2998 disciplinam
741 2939 863 2985 tradiderit
871 2940 968 2985 instruc-

91 3017 142 3058 tum
151 3011 180 3055 iri
191 3012 292 3057 Christus
302 3012 407 3057 affirmat.
420 3011 455 3056 Uti
464 3012 524 3055 enim
535 3010 700 3071 paterfamilias
714 3010 777 3056 dives
788 3026 814 3057 ac
822 3011 931 3072 providus
942 3027 968 3056 ea

92 3085 194 3144 proferre
210 3085 232 3126 et
245 3082 418 3128 subministrare
428 3082 490 3127 novit
502 3097 560 3142 quae
572 3082 702 3147 necessaria
719 3086 740 3127 et
756 3082 822 3127 utilia
835 3086 893 3138 sunt,
908 3097 966 3127 nova

92 3159 115 3200 et
125 3158 209 3209 vetera,
228 3152 260 3196 ita
273 3153 312 3212 qui
330 3154 444 3213 mysteriis
455 3155 520 3212 regni
531 3153 648 3199 coelorum
657 3157 692 3198 est
701 3154 818 3199 institutus
828 3157 850 3199 ct
858 3154 965 3207 imbutus,

76 3254 77 3257 =
92 3242 182 3287 semper
197 3224 292 3270 habebit
309 3226 396 3285 copiam
410 3231 431 3272 et
447 3225 612 3271 abundantiam
630 3241 675 3286 qua
689 3241 732 3287 pro
747 3225 855 3287 cuiusque
866 3228 933 3287 captu
946 3225 967 3270 ct
