2239 3511
162 200 201 241 376
504 208 581 238 iiiATTfl.
598 199 617 245 8,
635 200 706 238 iii-19.

164 300 246 342 natura
264 301 285 341 et
304 311 346 355 ope
365 297 424 358 eius,
442 311 515 356 quare
535 297 604 341 etiam
624 312 666 357 por
688 297 816 341 humanam,
835 300 951 353 naturam,
972 299 1045 353 tactu,

164 366 309 427 impositione
319 381 438 422 manuum,
448 369 527 424 verbo,
541 371 613 413 sanat.
626 371 730 423 Ceterum
740 368 768 412 de
779 367 883 412 hocloco
894 369 963 413 etiam
974 369 1046 428 pluri-

163 437 206 482 bus
216 438 253 496 egi
263 438 293 483 ad
303 442 330 483 Is.
341 443 393 497 53,t
404 439 539 501 (Commeat.
552 441 615 484 inis.
628 443 646 485 ΙΙ
656 456 679 500 p.
693 444 734 484 301
747 439 813 499 sem).
826 438 982 499 Explicatione
993 441 1047 485 daia

162 512 226 568 patei
234 510 396 568 evangelistam
404 511 475 556 verba
482 512 611 572 prophetae
618 526 693 572 neque
704 510 879 556 accommodare
889 510 963 555 solum
970 525 1046 570 neque

163 594 232 625 sensu
242 582 286 626 aiio
300 596 325 626 ac
336 583 474 642 prophetam
485 584 591 643 accipere
601 598 677 643 neque
689 597 730 628 sna
741 581 939 643 argumentatione
954 595 1045 626 sensum

161 655 260 697 statuere
273 653 389 713 triplicem
400 654 531 700 litteralem.

376 786 393 833 θ)
406 787 547 823 conditiones
557 787 708 831 discipulatus
721 788 742 832 8,
758 789 833 824 18-22.

187 900 235 941 8,18.
250 900 320 933 videns
331 902 392 934 autem
404 901 456 934 Iesus
467 902 530 935 turbas
541 903 591 935 mui-
640 903 682 945 8,i8
699 896 801 935 Ἰθὼνὸὲό
817 899 880 945 Ἰησοῦς
897 899 950 949 θχλον
963 898 1001 946 περὶ
1016 898 1045 933 αθ-

161 959 191 992 tas
207 960 275 992 circum
292 968 312 992 se
332 960 386 993 iussit
403 961 430 993 ire
447 962 499 1007 trans
515 961 590 1002 fretum,
614 958 642 994 τθν
661 958 746 994 ἐκέλευσεν
765 958 842 995 ἀπελθεῖν
864 958 885 999 εἰς
901 958 920 995 τὸ
939 960 996 1006 πέραν,
1015 960 1042 994 19.

164 1020 192 1053 19.
208 1022 226 1054 et
246 1020 337 1054 accedens
354 1030 402 1054 unus
418 1021 480 1054 scribe
495 1023 521 1055 eii
541 1022 569 1054 iiii
586 1030 590 1053 :
614 1022 641 1054 καὶ
658 1018 754 1066 προσελθὼν
771 1015 794 1060 εἷς
811 1018 917 1066 γραμματεὺς
933 1017 978 1054 εἶπεν
992 1017 1043 1064 αὐτῷ·

162 1079 261 1122 Magister,
278 1088 346 1122 sequar
364 1083 383 1114 te
404 1089 521 1124 quocumque
539 1082 590 1114 ieris.
615 1076 707 1113 θιθάσκαλε
719 1076 827 1123 ἀκολουθήσω
837 1090 863 1112 σοι
877 1078 917 1112 ὅσον
930 1076 958 1112 ἐὰν
972 1075 1042 1123 ἀπέρχῃ.

162 1139 191 1172 20.
209 1139 232 1172 Ei
251 1139 297 1173 dicit
316 1140 334 1172 ei
353 1140 405 1174 iesus
423 1148 426 1172 :
444 1141 509 1182 vulpes
527 1140 591 1175 foveas
614 1139 643 1173 20.
661 1136 689 1172 roi
701 1136 748 1183 λέγει
760 1135 805 1184 αὐτῷ
818 1136 827 1170 ὁ
842 1135 913 1180 Ἰησοῦς·
927 1135 944 1170 αἱ
960 1134 1044 1174 ἀλώπεκες

158 1198 233 1233 habent
250 1202 269 1232 et
284 1199 369 1233 volucres
390 1200 437 1233 coeii
456 1199 519 1241 nidos;
541 1199 591 1233 filius
613 1196 686 1243 ρωλεεθς
699 1196 765 1240 ἔχουσιν
779 1195 840 1231 καὶτὰ
853 1194 917 1231 πετεινὰ
930 1198 959 1231 τοῦ
972 1194 1043 1241 οὐρανοῦ
1108 1220 1110 1224 .

162 1260 225 1292 autem
235 1259 316 1292 hominis
328 1266 365 1292 non
380 1259 436 1292 habet
450 1258 482 1292 uhi
492 1260 550 1302 caput
560 1268 591 1293 re·
613 1257 750 1302 κατασκηνώσεις,
767 1255 775 1290 θ
789 1255 806 1290 δὲ
818 1255 852 1296 ua
867 1257 895 1290 τοῦ
907 1255 998 1302 ράνθροθκου
1013 1252 1042 1288 οὐκ

149 1350 151 1353 .
164 1318 225 1363 clirici.
604 1315 649 1364 »ἕχει
662 1320 693 1351 ποῦ
706 1314 735 1359 τὴν
748 1314 820 1363 κεφαλὴν
835 1315 890 1363 κλίνῃ,

186 1377 215 1411 ii.
227 1378 280 1410 Alius
291 1379 353 1411 autem
365 1378 387 1411 de
402 1378 499 1419 discipulis
512 1379 553 1412 eius
565 1380 591 1412 aii
637 1378 665 1411 ri,
681 1374 750 1418 Ἕτερος
763 1374 781 1410 δὲ
789 1378 822 1410 τῶν
837 1375 915 1422 μαθητῶν
930 1373 976 1409 εἶπεν
989 1372 1041 1419 αὒτῷ·

162 1437 293 1470 iiiitbomine
305 1437 392 1478 permitte
402 1445 431 1470 me
443 1438 523 1479 primum
532 1439 560 1471 ire
572 1440 591 1471 et
613 1434 657 1482 κύριε
679 1433 763 1481 ἐπίτρεψόν
784 1447 812 1482 μοι
829 1437 893 1482 πρῶτον
917 1433 995 1469 ἀπελθεῖν
1015 1431 1043 1466 καὶ

161 1497 241 1537 sepelire
254 1498 327 1538 patrem
338 1505 406 1530 meum.
419 1496 447 1529 22.
462 1496 514 1530 Iesus
528 1497 590 1530 autern
613 1494 661 1541 θάψαι
669 1493 698 1528 τὀν
711 1493 773 1540 πατέρα
782 1506 820 1540 μου,
833 1497 862 1533 22,
875 1492 910 1527 ὁθὲ
924 1492 987 1537 Ἰησοῦς
996 1490 1042 1537 iiia

161 1556 187 1588 aii
197 1556 224 1588 iiii
238 1563 241 1587 :
256 1563 334 1597 sequere
349 1564 379 1588 me
392 1556 410 1589 et
420 1555 492 1589 dimitte
505 1557 589 1589 mortuos
612 1552 663 1600 αὐτῷ·
678 1552 766 1587 ἀκολούθει
780 1566 815 1601 μοι,
829 1553 857 1587 καὶ
871 1550 909 1599 ἄφες
923 1552 961 1593 τοὺς
977 1550 1042 1598 νεκροὺς

160 1615 240 1656 sepelire
250 1617 332 1648 mortuos
342 1623 392 1648 suos.
612 1613 660 1660 θάψαι
673 1612 710 1653 τοὺς
723 1612 784 1648 ἑαυτῶν
798 1611 868 1660 νεκρούς.

186 1740 207 1773 In
220 1749 236 1773 ν.
250 1740 269 1773 it
281 1741 295 1773 B
304 1740 350 1781 legii
360 1737 423 1786 οχθονς
435 1742 453 1772 at
464 1740 511 1774 codd
522 1749 543 1782 gr
552 1741 592 1782 pier
602 1741 616 1772 ii
625 1741 666 1783 pier
674 1741 720 1782 vulg
729 1737 801 1778 πολθονς
811 1737 881 1784 ορηλουςς
892 1738 922 1778 Ν*
935 1749 969 1781 cop
980 1735 1041 1782 οχλονς

161 1801 270 1842 paucissimi
280 1796 332 1832 πολνν
343 1797 403 1845 orior.
414 1798 478 1832 Lectio
488 1800 507 1832 in
518 1801 532 1833 Β
543 1803 584 1833 orta
594 1799 674 1833 videtur
682 1801 755 1833 ratione
764 1800 828 1832 habita
838 1807 903 1832 versus
916 1799 942 1833 θθ.
953 1799 974 1831 In
987 1807 1006 1831 v.
1018 1797 1039 1830 ‘iii

162 1859 269 1892 volucribus
279 1858 346 1891 dantur
360 1858 477 1891 tabernaculo
489 1860 509 1891 in
521 1859 554 1900 hig
567 1858 603 1891 dub
614 1859 692 1901 eptiich
703 1859 786 1901 unitari,
798 1858 872 1892 additur
885 1858 916 1891 ubi
928 1858 1041 1899 requiescunt

160 1919 180 1950 in
190 1917 229 1951 initi
239 1918 284 1950 rush
298 1926 322 1958 eg
331 1918 368 1951 hen
379 1919 404 1951 toi
414 1917 445 1951 ab
456 1917 486 1949 ch
497 1927 518 1960 q;
530 1917 610 1951 tortasse
621 1920 659 1951 tres
669 1918 766 1950 versiones
780 1918 834 1951 nnius
847 1918 898 1950 vocis
911 1925 1040 1971 κατασκηνοοσεις

160 1977 238 2022 subsunt
245 1977 286 2010 istis
293 1977 403 2010 lectionibus
410 1985 414 2009 :
421 1977 481 2016 nidos,
490 1976 617 2016 tabernacula,
626 1977 658 2027 nbi
665 1977 793 2025 requiescani3
801 1986 820 2010 v.
831 1977 851 2010 21
860 1977 889 2009 sin
895 1976 1038 2010 oddcivcniam.

190 2082 226 2127 Uti
240 2083 287 2126 iam
303 2082 332 2125 ad
348 2086 385 2136 8,θ
401 2081 510 2137 vidimus,
530 2081 631 2126 Christus
648 2082 759 2125 maiorem
772 2081 854 2141 populi
866 2082 1040 2126 concitationem

160 2154 209 2198 vuit
221 2152 302 2197 evitari
316 2167 345 2196 ne
361 2152 407 2196 ulio
422 2155 488 2211 paeto
503 2153 551 2197 eius
562 2152 727 2211 exspectationi
739 2153 807 2210 regni
820 2153 954 2211 temporalis
964 2153 1040 2196 favere

159 2224 271 2269 videatur.
284 2226 356 2274 Quare
369 2224 387 2268 si
400 2223 512 2268 eiusmodi
523 2224 660 2282 agitationes
670 2224 695 2268 in
706 2238 791 2281 magno
801 2224 919 2268 hominum
930 2238 1040 2268 concursu

159 2296 310 2356 suspicandae
325 2298 400 2351 erant,
416 2309 463 2339 sese
474 2295 609 2340 subtrahere
624 2298 646 2339 et
660 2296 684 2339 in
699 2296 776 2341 locum
788 2295 903 2341 desertum
914 2297 950 2340 vel
959 2295 1039 2340 saltem
1057 2348 1062 2353 ⁸

160 2367 296 2428 quietiorem
312 2381 335 2410 se
348 2367 404 2411 solet
417 2367 526 2426 recipere.
543 2366 568 2411 id
581 2367 624 2410 hoc
640 2382 732 2426 quoqne
745 2367 795 2411 leco
804 2367 927 2412 Matthaeus
941 2366 1039 2410 ostendii
1063 2355 1065 2360 Α

159 2454 180 2483 ν.
191 2443 218 2483 18
225 2438 304 2482 eiciens
313 2438 457 2482 cisterciense
466 2440 543 2481 turbas
551 2437 636 2481 anacteos
645 2438 732 2481 circum
740 2452 762 2481 se
770 2437 875 2481 iussitire
884 2445 947 2481 ireres
953 2438 1040 2496 fretrus

159 2511 174 2553 i.
190 2525 208 2554 e.
223 2510 247 2552 in
260 2510 335 2568 ripam
348 2509 411 2552 lacus
424 2509 560 2553 Genesareth
573 2508 677 2562 alteram,
693 2509 836 2553 orientalem.
852 2512 935 2553 Verum
949 2523 1039 2568 quoque

160 2583 193 2626 cst
209 2585 230 2625 et
246 2580 312 2624 alteri
328 2580 412 2624 rationi
427 2579 480 2623 satis
499 2582 623 2637 cognatum
637 2573 699 2640 quod
714 2581 738 2624 S.
756 2579 835 2639 Chrys.
851 2580 909 2624 Eat]
917 2616 921 2625 .
940 2580 1025 2639 Theop]
1033 2614 1037 2623 .

160 2652 239 2697 dicunt
259 2651 371 2697 Christum
391 2650 517 2696 discessisse
538 2654 633 2711 propter
652 2652 790 2696 Iudaeorum
809 2652 931 2705 invidiam;
953 2652 1041 2696 addunt

159 2739 250 2784 quoque
262 2727 287 2768 ut
298 2737 340 2767 nos
354 2724 446 2768 doceret
456 2723 514 2767 nihil
525 2737 574 2767 csse
590 2722 620 2767 ad
634 2723 809 2768 ostentationem
820 2723 949 2780 agendum,
965 2723 1004 2767 aiii
1015 2723 1040 2767 in

157 2796 212 2855 ipsis
221 2795 302 2850 tertiis,
318 2810 397 2840 earum
406 2795 501 2855 impetu,
518 2809 598 2840 earum
611 2795 686 2839 studio
700 2811 726 2840 ac
739 2795 864 2855 eupiditate
874 2808 934 2839 nova
944 2798 965 2839 et
981 2795 1040 2838 mira

159 2867 253 2911 videndi
265 2881 356 2912 causam
369 2870 483 2927 reponunt
497 2867 585 2926 (Αντο.);
598 2867 639 2912 sed
649 2867 707 2911 ratio
720 2868 786 2926 prior
798 2880 849 2909 cum
863 2865 925 2926 Bisa.
940 2867 1037 2923 Sabaria,

158 2937 203 2982 Fil.
221 2942 253 2982 est
267 2939 424 2996 praeferenda.
443 2941 498 2983 Cum
511 2939 590 2998 itaque
605 2938 707 2982 Christus
722 2952 735 2981 a
751 2938 825 2982 turiais
841 2938 965 2993 recederet,
981 2939 1040 2982 utin

158 3009 290 3055 noviomam
303 3024 349 3054 sese
363 3010 483 3064 conterret,
499 3011 586 3055 accedit
602 3024 661 3053 iarius
676 3009 756 3065 orreo,
774 3010 803 3063 εἷς
813 3009 828 3053 i.
844 3025 864 3059 e.
881 3024 941 3055 unus
956 3010 1040 3069 aliquis

159 3082 237 3140 (εἶς-τις
249 3074 347 3140 explicat
354 3082 376 3125 S.
392 3081 494 3140 Clir²ya.);
507 3082 601 3142 ponitur
611 3080 689 3139 itaque
701 3081 730 3133 εἷς
741 3082 845 3134 eomodo
857 3096 901 3141 quo
911 3081 974 3126 haud
988 3095 1039 3125 rare

159 3153 273 3198 araniaice
291 3163 317 3196 iu
336 3152 468 3206 adhibetur3
487 3154 558 3196 eicit
575 3150 634 3195 iili:
651 3151 767 3211 atrociam,
788 3152 866 3208 rabbi,
886 3168 931 3212 quo
946 3153 1039 3197 nomine
