2239 3511
125 304 171 350 582-
398 289 403 302 ³
482 307 558 350 uxrru.
575 298 606 343 13,
623 298 655 336 ⁶23.

65 423 66 433 κ
128 398 262 444 nurnturba
276 397 346 442 rebus
356 397 426 442 sensu
442 397 554 457 perceptis
567 397 718 457 sensibusque
734 399 805 454 gratis
822 397 893 442 soleat
905 397 1006 454 inhiare,

128 469 271 529 perspicuum
279 471 312 513 est
322 472 409 527 quanta
414 463 579 528 impedimenta
584 478 658 526 regno
665 468 778 513 messiano
787 468 876 514 obstent
883 483 929 512 non
935 467 1007 512 solum

114 540 188 601 ,apud
207 544 295 600 gentes,
313 554 394 585 verum
413 540 482 584 etiem
497 541 559 599 apud
576 539 672 585 ludaeos
691 543 713 584 et
729 539 791 599 apud
811 553 848 585 eos
864 539 1007 599 potissimum

128 612 213 673 quippe
226 611 266 671 qui
278 610 350 668 aliam
363 611 411 655 eius
424 601 490 670 regiri
503 614 578 672 ortum
592 606 614 658 et
627 612 861 671 oursumexspectant.
987 671 989 673 ι
1032 615 1033 618 ’

157 683 192 728 Uti
202 683 283 743 triplex
291 685 324 727 est
331 682 429 727 varietas
436 682 578 728 audientium
586 682 783 743 praedicationem
791 683 857 740 regni
864 682 912 726 sine
921 682 1005 737 fructu,

127 753 160 799 ita
178 754 260 814 triplex
279 768 374 814 quoque
390 754 489 799 varietas
500 748 648 799 “audientium
666 768 719 810 eum
734 754 811 798 fructu
827 752 968 811 significatur
983 754 1007 797 in

129 830 209 885 quarto
224 826 344 871 hominum
357 820 442 883 genere
455 825 533 890 (Icnsq)
546 841 566 870 v.
577 831 604 870 23
618 827 660 884 qui
672 841 724 872 ecre
739 826 763 869 in
778 833 862 870 terrena
878 824 959 869 bonum
974 840 1008 870 se-

129 898 229 942 ntiamus
240 905 278 954 est,
290 897 327 941 bic
338 905 370 940 est
381 897 422 955 qut
433 896 499 950 credit
509 898 599 940 corbum
611 904 633 939 et
645 896 766 955 interrepti,
780 899 819 956 qui
829 896 1002 950 studiumadbt

128 969 167 1012 bet
181 967 282 1012 discendi
296 970 318 1012 et
332 959 470 1012 industriam
481 966 625 1025 intelligendi
636 958 736 1011 verbum
745 966 820 1029 Deilet
828 967 915 1012 Domini
925 967 1005 1013 voluna

129 1042 199 1084 tatem
210 1038 312 1097 (sabab
324 1038 411 1083 honam
425 1042 502 1083 autem
513 1046 597 1084 terram
608 1037 709 1098 appellat
717 1052 765 1083 non
774 1028 848 1084 solum
857 1053 914 1098 quae
924 1040 1007 1083 natura
1076 1088 1078 1093 λ

128 1124 169 1155 sua
184 1111 244 1155 hona
258 1112 300 1164 est,
312 1109 352 1154 sed
367 1124 427 1169 quae
440 1109 499 1154 bene
515 1110 584 1164 culta,
598 1109 702 1164 subacta,
720 1104 819 1170 purgata
834 1113 876 1165 est;
889 1109 929 1155 illa
946 1111 1005 1154 eninr

128 1182 188 1240 bona
208 1185 241 1226 est
257 1196 315 1240 quae
333 1183 356 1225 et
372 1183 455 1226 natura
469 1181 561 1240 pinguis
577 1185 599 1225 et
616 1180 739 1242 diligentia
755 1180 814 1226 bene
833 1185 865 1226 est
882 1181 950 1234 culta.
970 1180 1006 1226 Sie

128 1253 257 1313 exemplum
269 1252 344 1310 magis
360 1254 385 1296 in
401 1252 505 1298 homines
520 1251 636 1308 oonvcnit;
649 1267 750 1312 quorum
764 1252 851 1307 eadem,
864 1252 888 1296 id
901 1257 933 1297 est
945 1253 1005 1297 bona

81 1334 84 1337 ’
128 1339 169 1384 per
177 1339 200 1369 se
209 1327 292 1369 natura
300 1327 340 1378 est,
353 1323 416 1371 bona
427 1338 470 1383 per
479 1338 502 1369 se
511 1325 629 1378 voluntas3
641 1324 682 1367 sed
695 1338 746 1368 eam
755 1324 793 1367 alii
802 1328 841 1368 aut
850 1329 897 1368 non
910 1323 1005 1368 colendo
1029 1316 1032 1322 ’

129 1395 179 1440 viae
194 1396 299 1449 similem,
311 1399 351 1439 aut
363 1409 411 1450 non
425 1394 470 1442 alte
481 1395 567 1439 arande
581 1398 705 1454 petrosam,
719 1397 817 1439 autnon
832 1395 949 1439 sarriendo
960 1394 1005 1453 spi-

37 1452 38 1455 *
103 1481 207 1511 nesam
224 1465 317 1510 faciunt.
334 1468 368 1510 lta
384 1465 457 1511 Mutet.
472 1466 572 1525 quidem.
587 1468 661 1524 litque
673 1465 693 1510 is
709 1465 789 1523 igitur,
804 1467 824 1510 is
840 1465 931 1510 demum
944 1470 970 1525 utq
981 1471 1005 1523 δὴ
1053 1503 1061 1509 .

129 1538 230 1597 (additur
244 1543 266 1599 δὴ
281 1536 397 1597 emphasis
413 1536 497 1595 gratia]
511 1537 613 1595 [fructum
631 1536 701 1596 affert
719 1543 742 1580 et
758 1535 817 1594 fucit
833 1535 898 1581 alara
913 1537 1005 1596 quidem

128 1599 307 1662 contestarent.
318 1607 416 1653 e.·aliud
429 1599 523 1667 quidem
534 1622 612 1652 semen
621 1607 657 1652 vel
670 1618 770 1667 granum
783 1607 838 1666 iacit
854 1611 944 1653 centum
954 1624 1004 1667 gra-

127 1695 164 1735 na,
180 1679 243 1741 aliud
256 1680 382 1736 sexaginta,
395 1679 459 1722 aliud
471 1679 594 1736 tringinta3
609 1679 729 1736 eleganter
739 1679 800 1723 enirn
812 1679 835 1722 iu
848 1679 893 1724 fine
907 1681 1001 1739 explica-

127 1751 194 1796 tionis
210 1765 284 1796 sermo
299 1750 360 1795 redit
373 1746 402 1794 ad
417 1751 491 1809 ipsam
507 1750 642 1809 parabolam
656 1765 677 1794 v.
693 1753 714 1803 8,
729 1749 762 1795 ita
779 1750 841 1794 utin
853 1765 873 1794 v.
887 1755 913 1795 23
927 1753 1003 1810 imago
1024 1808 1026 1812 ‚

128 1827 149 1867 et
163 1837 198 1867 res
211 1823 340 1880 significata
354 1821 503 1865 misceantur.
516 1822 590 1865 Alium
609 1821 688 1879 itaque
705 1821 750 1865 alio
763 1820 892 1866 uberiorem
905 1823 1003 1870 fructum

128 1909 154 1937 ex
170 1893 339 1952 praedicatione
356 1891 424 1936 edere
441 1891 588 1948 significatur.
606 1894 685 1951 Neque
703 1891 766 1936 enim
782 1906 860 1936 omnes
876 1892 954 1937 eadem
970 1894 1003 1938 iu-

127 1967 208 2009 vantur
224 1963 356 2021 gratiarumv
371 1957 438 2028 copia
460 1977 534 2021 neque
555 1976 632 2007 omnes
655 1962 719 2006 idem
737 1962 839 2007 studium
861 1964 1002 2024 eundemque

127 2028 232 2080 conatum
243 2034 354 2078 adhibent
365 2033 394 2078 ad
408 2033 577 2093 cooperandum
588 2033 668 2091 gratiis
680 2033 840 2093 auxiliisquea
850 2039 893 2079 Deo
902 2031 1001 2094 benigne

127 2122 153 2151 ac
166 2105 290 2150 liberaliter
299 2105 390 2149 oblatis.
404 2096 516 2155 Quare‘fit
529 2120 554 2148 ex
567 2105 652 2163 duplici
669 2105 713 2148 hac
729 2119 804 2158 causa,
818 2109 842 2149 ut
855 2106 933 2150 eadem
949 2108 1001 2151 doe·
1022 2097 1024 2102 ’

126 2179 186 2222 trina
199 2177 268 2221 alium
279 2176 381 2220 fructum
393 2175 455 2235 apud
470 2175 541 2219 alium
552 2175 612 2229 edat.
625 2175 759 2220 Declaratur
770 2176 847 2235 itaque
859 2191 904 2221 esse
918 2178 1002 2235 gradus

92 2260 95 2265 ·
126 2248 278 2308 perfectionis,
294 2248 414 2303 virtutum,
428 2247 563 2292 meritorum
580 2247 630 2291 aliis
644 2246 791 2292 sublimiores
806 2250 828 2291 et
841 2253 1002 2308 consequenter

91 2321 93 2326 ’
126 2335 216 2379 quoque
230 2318 358 2363 mercedem
369 2322 392 2362 et
406 2317 506 2376 gloriam
518 2319 542 2362 in
555 2333 627 2377 regno
641 2318 754 2363 messiano
768 2309 816 2373 suis
826 2319 936 2377 distingui
949 2337 1001 2380 gra-

126 2392 201 2435 dibus.
215 2391 249 2435 Uti
262 2391 320 2434 enim
336 2391 361 2433 in
374 2389 455 2434 ordine
464 2389 565 2438 naturali
573 2405 619 2434 uon
633 2404 712 2435 omnes
725 2389 805 2434 eadem
815 2391 904 2448 pollent
914 2392 1002 2449 ingenii

127 2456 273 2522 perspicacia,
288 2461 369 2506 eodem
387 2461 489 2519 corporis
505 2461 595 2515 robore,
614 2460 696 2511 cadem
715 2473 806 2504 morum
822 2460 949 2522 indolisque
964 2462 1001 2508 r'a-
1063 2474 1065 2476 ’

126 2535 197 2585 tione,
207 2533 239 2576 ita
251 2532 338 2590 placuit
350 2533 396 2574 Deo
411 2531 437 2574 in
453 2531 620 2590 supernaturali
632 2545 722 2590 quoque
734 2530 814 2575 ordine
827 2535 892 2589 grata
902 2534 1001 2593 quadam

90 2625 91 2629 ¹
126 2603 236 2650 varietate
250 2602 343 2656 inducta
362 2601 419 2646 alios
436 2601 486 2646 aliis
499 2601 564 2646 donis
583 2616 608 2646 ae
625 2601 759 2647 muneribus
774 2616 800 2647 ac
817 2605 922 2662 praemiis
939 2621 1000 2650 exor-

125 2682 191 2731 nare;
206 2693 216 2717 a
228 2674 273 2719 alia
285 2674 376 2719 claritas
389 2673 452 2727 solis,
463 2673 508 2718 alia
520 2672 610 2718 claritas
620 2673 697 2727 lunae,
709 2673 755 2718 alia
769 2673 859 2719 claritas
872 2676 999 2732 stellarum;
1055 2688 1056 2692 ’

77 2763 81 2777 r
126 2748 193 2791 sicet
209 2747 344 2791 resurrectio
363 2748 509 2790 mortuorum
524 2763 534 2787 n
554 2750 564 2789 l
583 2749 631 2791 Cor,
649 2749 725 2800 rant.
743 2748 782 2800 [θὲς
798 2761 849 2790 θθθθ
863 2746 944 2805 triplex
960 2763 1000 2806 pro

127 2818 257 2862 aeternitate
274 2819 367 2871 fructus,
382 2816 503 2876 centuplus
517 2817 541 2861 in
557 2817 659 2861 claritate
676 2817 730 2861 solis
744 2820 785 2861 etc.
801 2817 881 2861 Tribus
894 2817 1006 2873 gradibus

74 2916 75 2919 =
126 2902 248 2943 summum,
261 2888 373 2942 medium,
385 2888 493 2933 intimum
505 2880 622 2945 designari
631 2889 697 2943 solet,
710 2902 800 2933 summa
811 2887 884 2942 igitur
892 2888 999 2941 virtutum
1063 2881 1067 2889 ’

98 2980 100 2985 ⁴
126 2957 243 3019 perfectio,
258 2958 332 3002 media
348 2959 470 3017 quaedam,
485 2949 580 3003 inferior
596 2963 702 3018 utraque,
719 2958 780 3003 utin
796 2972 891 3003 nutriero
905 2966 965 3005 certo
979 2967 1001 3006 ct

127 3029 221 3074 definito
231 3042 317 3086 magna
325 3031 423 3073 varietas
434 3046 459 3074 ae
470 3030 583 3074 distinctio
597 3034 696 3074 notetur.
707 3030 774 3072 Fiunt
783 3029 852 3086 euim,
862 3035 887 3076 ut
899 3034 1000 3078 Testatus

127 3102 182 3146 dicit
198 3101 244 3162 (qu.
261 3101 330 3160 tssin
349 3114 399 3158 cap.
417 3100 464 3159 13).
481 3101 606 3146 secundum
622 3099 895 3160 variam-dispositionem
913 3104 1000 3162 sive-cx
1040 3128 1041 3131 =

97 3182 100 3188 ’
127 3175 190 3231 parte
205 3171 292 3230 gratiae
307 3171 354 3216 sive
374 3185 400 3214 ex
413 3169 474 3214 bona
488 3173 614 3230 aptitudine
627 3171 728 3215 naturali
743 3172 883 3219 differentiae
898 3175 999 3220 infinitae

126 3244 150 3286 iu
166 3244 208 3287 boe
227 3244 289 3302 quod
307 3243 380 3300 magis
395 3241 430 3285 vel
449 3240 522 3285 minus
543 3242 637 3286 verbum
656 3242 695 3287 llei
713 3243 850 3302 quibusdam
868 3260 936 3304 quam
950 3246 999 3291 aliis
