2211 3575
421 227 423 231 Α
484 245 559 279 rrarrn.
574 235 607 285 ti,
622 236 642 276 6.
749 285 751 289 Α
837 249 838 252 ’
905 207 907 212 Β
963 207 1014 278 181Ι

82 332 84 335 ⁴
124 334 199 399 (Alo.)
214 351 241 380 eo
255 337 303 381 scil.
319 337 381 397 quod
394 338 417 381 in
432 338 558 398 humilitate
575 335 599 381 et
611 337 746 397 paupertate
760 335 856 395 apparet
872 336 894 377 et
907 315 1002 399 salutem

126 405 246 452 hominum
257 409 325 454 efficit
334 410 437 470 passione
449 413 470 453 et
480 412 562 464 morte,
575 424 601 453 eo
616 409 701 467 quippe
715 407 783 451 modo
796 407 835 466 qui
850 405 879 450 ab
895 402 1003 449 humanis
1062 454 1063 459 ¹

125 479 253 522 rationibus
263 481 472 540 quamlongissime
483 481 559 524 abesse
571 472 670 523 ridetur.
684 478 769 522 Eadem
778 480 866 521 ratione
875 476 935 522 lsaia
945 478 1002 520 teste

55 600 58 605 ,
123 548 181 592 olim
191 549 269 608 ludaei
278 551 410 597 abiecerunt
419 565 489 611 aquas
499 551 555 596 Silae
565 565 624 610 quae
634 549 721 595 vadunt
731 564 783 594 cum
794 548 896 610 silentio,
907 547 1002 592 modurn

125 634 209 679 nempe
222 636 268 680 quo
281 625 338 667 Deus
353 638 390 668 eos
404 622 439 672 ab,
448 621 546 667 inimicis
565 624 626 666 tutos
643 636 690 666 esse
703 621 774 666 voluit
789 619 863 679 etqui
878 619 902 663 in
919 619 965 662 fide
977 622 1003 664 et

125 691 210 735 numni
231 694 308 751 quiete
326 692 462 746 consistebat
477 693 573 752 superbe
590 693 743 751 repudiarunt
760 694 783 736 et
798 691 854 735 beili
872 690 943 735 socios
959 688 1003 733 sibi
1036 715 1040 718 >

122 761 281 819 -adscivernnt3
295 764 357 808 unde
366 764 474 825 Dominus
485 765 511 808 iis
522 764 592 808 iactus
606 765 639 807 est
652 764 676 807 in
687 763 787 823 lapidem
797 762 926 806 offensionis
942 763 964 805 et
977 761 1001 804 in

106 893 108 895 η
124 837 215 891 petram
227 835 328 878 scandali
340 838 361 879 et
376 836 399 879 in
409 836 516 896 laqueum
527 838 548 878 et
558 835 582 878 in
598 835 690 879 ruinam
704 835 738 892 (Is.
753 838 799 888 8,6,
813 832 857 892 in).
875 831 959 877 Similis
969 835 1002 876 est

124 904 227 949 >conditio
237 906 317 966 populi
329 906 358 950 ad
368 921 435 967 quem
450 907 550 951 Christus
563 906 677 966 loquitur;
691 908 748 952 Deus
761 905 825 950 offert
838 903 946 958 salutem,
963 903 1002 946 sed

59 1018 60 1021 ,
127 975 999 1038 offerteoquoipsevultmodoasuperbiaetfastuhominumlcngeremoto.
1048 978 1049 981 ’

123 1047 150 1090 ⁸Si
163 1048 296 1108 repudiant,
317 1050 358 1094 erit
371 1050 415 1094 illis
433 1051 531 1094 Christus
545 1050 569 1093 in
587 1049 686 1094 ruinam.
702 1041 775 1107 Atque
791 1048 852 1092 idem
868 1047 1000 1107 periculum

103 1152 105 1155 .
124 1119 193 1163 isaias
203 1134 296 1179 quoque
310 1121 443 1165 vaticinatus
457 1124 499 1176 est,
517 1121 572 1165 duna
587 1135 715 1165 sermonem
730 1119 757 1164 de
770 1120 859 1165 Messiae
870 1118 1000 1163 humilitate

69 1180 70 1184 ¹
122 1192 148 1233 et
159 1193 232 1234 morte
246 1190 360 1235 orditura
372 1183 503 1236 verbisillis
515 1205 519 1236 :
533 1192 583 1250 spuis
597 1191 694 1242 credidit
705 1190 792 1234 auditui
803 1189 827 1248 (i.
842 1205 861 1233 e.
877 1189 999 1233 annuntia-

124 1250 190 1318 tioni)
200 1264 289 1317 nostro,
301 1264 323 1305 et
333 1261 387 1325 dum
396 1261 429 1305 1111
434 1262 540 1306 vaticinio
549 1256 646 1306 inserit:
657 1264 681 1305 et
690 1276 730 1306 nos
737 1261 865 1320 putavimus
873 1274 925 1304 eum
936 1260 1001 1318 quasi

126 1330 242 1390 leprosum
255 1336 277 1376 et
290 1346 422 1390 percussum
435 1349 448 1377 a
463 1336 507 1377 Deo
522 1333 558 1391 (Is.
573 1337 634 1387 53‚1.
648 1333 679 1392 a),
691 1333 726 1377 Uti
740 1331 816 1391 itaque
829 1332 928 1375 Christus
938 1331 1001 1375 hisce

123 1400 200 1446 uerbis
210 1402 272 1447 idem
282 1403 326 1447 sibi
336 1403 439 1448 attribuit
452 1404 513 1462 qriod
522 1403 637 1463 propheta
648 1404 676 1448 de
689 1403 756 1448 lahve
767 1405 788 1447 et
801 1402 828 1447 de
840 1403 915 1447 ilessia
929 1403 1001 1459 signi-

125 1473 244 1528 ficaverat,
261 1475 294 1518 ita
306 1463 374 1520 simul
388 1475 462 1520 erudit
476 1479 497 1519 et
509 1471 648 1534 praemunit
658 1474 736 1527 fideles
750 1489 779 1522 ne
791 1488 830 1519 sua
844 1473 970 1518 abiectione
980 1478 1002 1518 et
1037 1533 1038 1537 Ἰ

123 1544 227 1604 ¹passione
243 1545 395 1605 offendantur,
414 1549 435 1589 et
452 1540 575 1605 discipulos
590 1546 681 1595 loannis
699 1546 767 1591 etiam
784 1545 956 1589 commonefacit
972 1560 1001 1589 ne

113 1615 231 1673 dubitent
248 1616 273 1660 in
290 1616 370 1674 habitu
390 1616 471 1660 humili
493 1615 616 1674 agnoscere
635 1617 743 1661 Messium.
765 1620 794 1661 Ea
811 1617 871 1660 enini
888 1617 1001 1660 sententia
1061 1628 1062 1632 ’

125 1687 232 1744 morbum
251 1701 344 1746 quoque
361 1702 439 1731 eorum
457 1688 554 1732 indicari
573 1688 604 1745 (S.
624 1689 724 1747 Cicron),
741 1687 890 1745 internuntios
909 1689 1001 1746 percuti

126 1757 159 1816 (S.
171 1756 309 1816 Hier·.'),‘qui
322 1758 406 1802 humili
417 1759 464 1802 eius
473 1760 643 1803 conversatione
655 1759 831 1814 offenderentur,
844 1760 897 1816 quia
906 1773 952 1802 non
961 1758 1001 1803 illa

122 1828 184 1872 vitae
196 1829 315 1873 severitate
329 1826 416 1873 iriveret
428 1830 485 1874 sicut
500 1831 606 1889 ipsorum-
617 1831 726 1887 magister
743 1829 835 1889 (Iana.)‚
853 1832 912 1873 recte
928 1828 1014 1873 eristi·¹
1033 1829 1034 1832 ’

122 1901 189 1943 ¹mant
197 1899 310 1958 plerique.
326 1902 443 1945 Praeterea
456 1903 518 1945 notat
528 1902 590 1945 lans.
602 1902 626 1944 in
642 1902 824 1960 earesponsione
835 1901 1001 1958 benignitatem

120 1969 206 2014 christi
224 1984 322 2015 :anam
337 1971 368 2014 sie
380 1972 410 2014 eis
426 1972 469 2024 hac
483 1967 595 2016 sententia
612 1972 754 2016 divinitatem
770 1986 834 2016 suam
845 1971 931 2030 prodit,
949 1987 1001 2015 erim

121 2040 220 2084 ostendit
229 2054 253 2086 se
265 2041 404 2085 occultorum
420 2057 466 2087 esse
477 2043 629 2099 cognitorem,
646 2047 671 2086 ut
686 2046 761 2086 tamen
775 2057 854 2086 eorum
870 2044 1006 2102 passionem

124 2114 200 2170 aperte
208 2111 259 2156 aliis
268 2126 314 2156 non
327 2111 452 2170 detegeret7
463 2113 504 2157 sed
514 2111 665 2172 conscientiae
675 2114 777 2172 ipsorum
789 2116 859 2157 totam
869 2128 919 2157 rem
930 2114 1000 2170 relin-
1025 2156 1028 2162 ,
1092 2149 1094 2153 .

124 2186 213 2241 (pareret,
233 2185 259 2226 ut
277 2184 365 2227 occulta
379 2183 510 2228 huiusmodi
524 2185 699 2242 redargutione,
719 2185 836 2229 declarans
854 2185 922 2229 simul
934 2200 1001 2229 suam
1044 2220 1046 2223 .

119 2254 265 2298 divinitatem
280 2257 300 2296 ct
309 2254 485 2312 benignitatem,
497 2255 547 2299 illos
561 2256 637 2313 magis
645 2256 675 2299 ad
688 2270 710 2300 sc
720 2257 821 2300 traheret
831 2274 851 2300 n,
864 2260 932 2300 Porro
944 2257 1000 2314 quid

121 2313 216 2368 210annes
231 2338 272 2368 sua
281 2324 396 2380 legatione
406 2340 447 2383 pro
461 2316 663 2385 populo'ohtinere
677 2327 786 2382 voluerit,
800 2327 847 2385 ipse
861 2328 962 2370 Christus
975 2329 1000 2370 in

117 2395 268 2454 subsequenti
282 2394 311 2438 ad
321 2396 430 2454 papulum
440 2409 542 2441 sermone
554 2396 615 2440 clare
628 2397 723 2441 indicat.
757 2433 758 2436 ,
799 2434 800 2437 ,

294 2524 309 2589 bi
323 2546 479 2581 Testimonium
492 2548 578 2582 Christi
591 2550 618 2582 de
632 2549 714 2583 Ioanne
729 2548 827 2592 ara-15.

150 2657 198 2698 iifl.
215 2657 255 2689 illis
278 2658 340 2690 autem
362 2660 472 2693 abeuntibus
487 2661 548 2702 coepit
596 2661 648 2703 ’11,7,
666 2649 732 2694 Τούτων
753 2659 769 2694 δὲ
786 2660 897 2706 πορευομένων
914 2659 1000 2707 ήμξοτοὺ

123 2717 178 2750 :Iesus
188 2716 250 2750 dicere
262 2715 286 2749 ad
300 2717 363 2750 turbas
375 2718 397 2750 de
407 2722 490 2751 Ioanne:
504 2720 548 2761 qnid
574 2717 636 2762 Ἰησοῦς
646 2718 700 2764 λέγειν
716 2719 751 2757 τοῖς
766 2718 824 2763 ὄχλοις
833 2710 871 2763 napi
889 2716 974 2753 'iadorae'
984 2719 1001 2754 τί

121 2777 190 2810 1ολὶοῖίε
205 2777 225 2809 in
242 2775 335 2809 desertum
350 2776 424 2810 videre?
439 2779 547 2812 arundinem
573 2774 652 2819 ἐξήλθατε
663 2775 722 2819 οἰςτήν
733 2775 794 2823 ’ἔρημον
811 2777 908 2819 deducebam
921 2777 999 2825 κάλαμον

122 2836 180 2867 *vento
194 2833 296 2877 agitatam?
312 2834 327 2867 8.
340 2834 426 2877 sedquid
441 2837 503 2869 aristis
518 2837 546 2869 vi-
572 2834 603 2869 tab
617 2834 677 2881 ἀνέμου
690 2835 808 2881 οαλευόμενοτς
827 2839 843 2872 8.
861 2836 903 2871 ἀλλὰ
916 2838 933 2872 τί
949 2837 999 2881 ἐξήλ-
1039 2836 1041 2839 ”

125 2892 178 2933 dere,
189 2893 285 2929 hominem
301 2883 388 2929 mollibus
397 2896 494 2928 vestitum?
505 2904 547 2929 ecce
573 2894 611 2933 θμττ
626 2893 677 2937 idaim
693 2894 777 2942 litoream
796 2894 813 2931 ἐν
833 2896 913 2944 μαλακοῖς
929 2896 999 2944 ipone-

125 2952 156 2992 qui
164 2951 546 2997 mollibusvestiunturindomilmsregum
573 2953 631 2999 μεὀονς
647 2953 681 2988 ieet
698 2954 713 2989 οἱ
722 2954 743 2989 τὰ
756 2955 822 3003 μαλακὰ
835 2947 921 3003 poprium
934 2956 950 2991 ἐο
964 2961 998 2996 τοῖς

125 3011 174 3043 sunt.
186 3010 203 3043 9.
214 3010 252 3043 Sed
262 3013 307 3054 qnid
315 3014 379 3048 existis
387 3014 459 3047 videre?
469 3015 546 3058 prophe-
572 3010 623 3053 οἷ’-ποις
636 3017 668 3048 τῶν
683 3014 770 3060 βασιλέων.
787 3019 804 3051 9.
821 3014 865 3049 ἀλλὰ
880 3016 895 3051 τί
908 3014 996 3059 ἐξήλθατε,

124 3069 173 3103 tam?
191 3070 247 3102 etiam
270 3070 311 3104 dico
333 3074 385 3107 vobis
400 3077 417 3107 et
435 3075 475 3117 plus
491 3083 547 3117 (piram
571 3064 657 3120 προφήτην
673 3073 723 3117 tisim
742 3075 769 3110 οολ
784 3075 829 3122 λέγω
845 3075 883 3122 ipa
898 3074 925 3109 rat
940 3086 996 3119 περιο-

124 3129 244 3171 propnetam
264 3128 296 3165 10„
307 3129 338 3163 hic
359 3135 387 3165 est
403 3136 451 3167 enim
471 3134 493 3168 de
511 3122 547 3177 quo
573 3131 640 3179 σότεμοο
658 3133 749 3180 προφήτου.
768 3136 795 3170 10.
806 3131 852 3173 οὗτός
868 3134 910 3168 ἐστιν
926 3132 963 3179 περὶ
977 3130 996 3167 οὗ

121 3189 214 3230 :scriptum
231 3189 259 3221 est
274 3196 332 3243 :occe
346 3185 381 3230 ego
397 3193 450 3226 mitto
460 3195 547 3236 angelum
572 3193 671 3240 γέγραπται·
683 3192 718 3228 bob
728 3192 761 3240 ἐγὼ
772 3193 867 3229 ἀποστέλλω
876 3192 904 3227 τοο
920 3191 996 3240 ἄγγελόν
