2211 3575
437 211 512 258 arsura.
526 211 548 267 t,
563 217 598 257 to.
785 248 789 282 l
931 218 957 268 93'

75 304 119 364 caud
132 329 156 358 ex
170 318 217 370 Ipsa
227 317 316 357 Messiae
327 317 415 358 notione
425 320 532 376 affirmant
541 318 730 367 SclrleIcrmacher,
742 317 836 365 Strauss‚
846 317 869 355 B.
880 317 956 368 Bauer,

73 385 167 431 Weisse,
185 380 289 421 Sohenhel
306 382 341 422 alii
359 381 393 436 (ef.
412 384 435 424 A<
453 386 487 424 W.
507 386 585 437 Meyer,
602 383 674 424 Matth.
694 385 712 424 7,
726 382 759 423 ed.
776 395 797 434 p
818 381 863 431 hll;
881 393 957 422 verum

73 452 155 504 praeter
176 447 283 498 evangelia
303 448 409 489 habemus
429 453 510 490 certum
532 449 591 490 Pauli
609 448 701 501 apostoli
718 447 867 488 testiinonium
886 447 909 488 in
932 459 957 488 ea

72 517 132 569 parte
153 512 256 563 epistolae
276 512 303 553 ad
320 515 429 566 Romanos
450 508 514 566 quarn
530 506 677 556 rationalistae
695 523 780 565 quoque
797 513 816 551 ei
832 512 957 553 adscribunt
994 506 995 509 ’

78 583 138 622 Rom.
156 579 189 627 t,3
203 580 256 630 :qui
271 579 339 620 factus
354 583 386 620 est
397 581 419 620 'ei
436 591 461 619 ex
478 573 559 619 semine
573 580 640 632 David
661 580 887 628 secundumcarne1n;
903 580 955 619 item

79 647 91 685 2
103 644 155 684 Tim.
174 645 216 689 28.
231 644 334 696 Idemque
346 645 401 685 clare
416 645 535 685 affirmatur
548 645 571 685 in
584 646 648 697 Apoc.
661 647 694 696 bb
708 649 728 685 et
738 647 799 694 abab
813 657 817 685 :
833 657 871 697 ego
885 645 953 691 lesus,

78 721 115 762 ego
125 719 174 749 sum
182 709 271 749 rediret
280 722 348 762 genus
357 711 435 760 David;
445 711 587 762 Apocalypsin
594 713 674 760 autem,
684 723 733 752 cum
743 712 868 751 lloltzrnann
875 710 954 762 aliique

77 776 119 815 iarn
134 776 181 814 ante
195 766 275 815 annum
286 775 423 827 adscriptam
438 788 484 816 esse
495 778 589 816 statuant
598 777 747 817 testimonium
761 777 862 828 praebere
874 775 954 828 gravis-

77 841 161 888 simum,
174 848 251 893 negare
266 836 433 893 amputarunt,
446 841 564 881 dummodo
574 842 614 881 sibi
625 844 719 882 constare
733 841 804 882 velint,
815 842 875 882 Idem
888 853 954 881 enun-

79 903 141 944 tiatur
155 904 199 944 het.
214 904 268 953 230,
284 906 348 946 Porro
362 907 479 947 notandum
493 907 559 946 estin
574 906 692 946 Palaestina
704 909 725 946 et
741 907 854 947 Ierusalem
867 907 953 959 propin-

79 980 129 1020 quos
140 970 187 1010 Iesu
196 970 239 1011 tere
250 983 317 1022 usque
327 972 353 1012 ad
363 973 429 1012 finem
440 972 504 1024 primi
516 972 596 1012 saeculi
607 972 740 1023 indignitate
752 972 895 1012 ecclesiastica
906 984 952 1012 esse

79 1034 214 1085 constitutos,
231 1049 243 1076 a
259 1035 337 1087 quibus
351 1037 422 1088 itaque
439 1037 502 1088 stirps
518 1037 570 1076 disci
587 1038 676 1088 poterat.
688 1038 719 1076 lta
733 1038 822 1077 Iacobus
839 1037 876 1088 qui
890 1038 953 1076 fater
1010 1086 1014 1093 ι

80 1099 163 1139 Domini
173 1101 292 1153 appellatur
301 1099 414 1153 episcopus
422 1105 470 1141 erat
479 1102 684 1152 hierosolymitanus
701 1113 737 1153 per
752 1114 817 1142 annos
830 1102 916 1154 triginta
926 1113 930 1150 ;
942 1116 953 1141 a

79 1162 161 1205 ludaeis
174 1166 255 1206 occisus
268 1169 300 1205 est
310 1166 365 1206 circa
375 1178 456 1206 annum
467 1167 527 1206 62-63
541 1164 574 1218 (of.
588 1165 691 1217 Iosephus,
703 1166 773 1219 Antiq.
784 1168 838 1215 202.
848 1163 874 1216 'l3
890 1168 951 1220 Hepe-

20 1267 22 1270 .
79 1234 147 1282 rippas
159 1231 214 1281 apud
230 1232 306 1271 Euseb.
320 1232 340 1271 b.
356 1243 374 1271 e.
387 1231 449 1284 223).
462 1232 512 1271 Eius
523 1232 544 1271 in
561 1232 682 1283 episcopatu
696 1244 803 1272 successor
814 1232 854 1272 tuit
869 1232 951 1280 Simon,

80 1291 135 1335 illius
152 1296 266 1347 Cleophae,
288 1297 367 1349 pariter
391 1299 493 1349 cognatus
510 1298 567 1344 lesus
589 1298 770 1352 nainssleopham
787 1297 873 1337 tratrem
889 1297 953 1337 tuisse

81 1360 156 1412 loseph
171 1364 260 1402 testatur
282 1363 415 1417 hegesippus
433 1363 488 1414 apud
507 1363 583 1402 Euseb.
602 1364 660 1411 3,ll;
679 1374 703 1402 eo
721 1366 817 1414 tempore
833 1362 953 1414 conrplures

81 1425 163 1480 (πλείους)
172 1427 305 1479 propinquos
312 1428 360 1468 Iesu
369 1428 434 1468 tuisse
445 1428 570 1480 superstites
577 1428 658 1467 ibidem
668 1428 751 1469 dieitur.
761 1429 805 1468 lam
813 1440 863 1468 vero
871 1427 953 1467 tabulas

81 1484 224 1544 genealogioas
233 1493 387 1550 apudludaeos
398 1494 471 1533 sedulo
481 1505 527 1549 esse
538 1486 655 1533 asservatas
666 1494 745 1545 partter
755 1491 843 1533 constat.
855 1494 886 1533 Ita
900 1494 953 1532 Iose-

80 1558 131 1607 phus
143 1557 175 1598 sui
186 1558 443 1610 generissuccessionenr
460 1570 481 1598 se
495 1560 573 1599 referre
588 1558 649 1607 dicit,
661 1562 723 1611 prout
738 1559 760 1599 in
772 1559 849 1599 tabulis
862 1558 953 1611 publicis

81 1621 167 1662 relatam
181 1622 287 1663 invenerit
300 1624 324 1668 ὡς
336 1625 353 1661 ἐν
366 1629 404 1668 ταῖς
417 1623 510 1674 δημοσίαις
523 1624 588 1667 δέλτοις
598 1623 757 1677 ἀναγεγραμμένην
773 1617 821 1675 εὗρον
832 1624 886 1675 (vita,
899 1623 918 1674 l)
933 1626 954 1663 et

82 1689 159 1738 quanta
172 1688 266 1728 sollertia
279 1688 302 1728 in
316 1682 449 1740 genealogias
463 1689 598 1729 sacerdotum
616 1689 643 1727 sit
658 1689 794 1742 inquisitum,
811 1692 881 1728 narrat
895 1688 952 1728 idem

82 1765 99 1792 c.
110 1753 148 1805 hp.
158 1753 199 1801 t,l.
208 1753 283 1793 Parem
295 1754 367 1793 autem
376 1765 450 1793 curam
460 1754 524 1793 etiam
533 1754 558 1793 de
568 1753 632 1792 domo
643 1756 664 1793 et
672 1754 754 1793 fairrilia
763 1752 827 1793 David
839 1765 884 1792 esse
895 1752 953 1792 adhi-

82 1807 156 1866 bitam,
174 1821 255 1858 certum
269 1821 310 1867 est,
327 1816 376 1858 cunr
395 1831 420 1858 es
438 1830 462 1858 ea
472 1819 537 1870 stirpe
554 1820 710 1871 exspectaretur
727 1819 818 1859 Messias.
835 1818 893 1859 Unde
908 1818 954 1868 quis

82 1894 147 1934 genus
159 1882 246 1924 duceret
262 1886 335 1923 notum
346 1882 410 1923 fuisse
420 1883 540 1924 ostenditur
549 1894 633 1935 quoque
641 1885 691 1924 Luo.
704 1884 737 1932 hb
748 1885 768 1923 et
778 1884 835 1932 aad
847 1882 954 1922 Zacharias
965 1899 966 1902 ¹

83 1951 125 1987 erat
136 1948 161 1988 dc
172 1948 217 1989 rice
227 1949 287 1997 Abia,
299 1949 407 1990 Elisabeth
419 1949 444 1989 de
454 1950 538 1995 filiabus
547 1950 626 1999 Aaron,
638 1951 697 2005 huna
705 1950 731 1989 de
740 1949 798 1989 tribu
809 1949 868 1988 Aser.

107 2013 210 2066 Singulari
220 2015 308 2055 auclacia
318 2014 392 2054 scribit
402 2016 475 2054 henan
487 2015 513 2054 de
524 2009 685 2066 temporeqvitae
694 2014 770 2055 christi
780 2025 784 2053 :
793 2028 802 2050 a
811 2014 831 2053 la
840 2013 919 2054 familie
928 2013 953 2053 de

82 2079 146 2118 David
157 2077 239 2128 etaim
255 2091 279 2118 ce
290 2079 341 2131 qu'il
352 2080 445 2127 semble,
461 2080 539 2119 steinte
551 2080 625 2131 depuis
641 2080 759 2131 longtemps
771 2094 780 2116 »
792 2080 814 2131 (l.
832 2078 870 2131 o.);
884 2089 953 2130 nequo
975 2104 978 2111 -

83 2144 138 2183 enirn
153 2144 203 2184 licet
219 2136 275 2184 inter
290 2143 331 2184 alia'
344 2145 431 2185 reiicere
444 2145 566 2185 testimonia
580 2145 693 2197 Hegesippi
710 2157 762 2196 quae
777 2144 836 2185 affert
849 2144 953 2184 Eusebius

82 2210 101 2248 h.
112 2222 130 2249 e.
138 2212 192 2257 ala.
203 2212 236 2250 20.
244 2212 269 2249 32
276 2223 280 2259 ;
288 2213 360 2250 narrat
368 2211 447 2262 quippe
457 2211 620 2262 antiquissimus
628 2211 663 2250 ille
674 2222 746 2250 rerum
757 2210 847 2261 scriptor
857 2212 953 2260 tempore

82 2275 192 2315 Domitiani
201 2288 213 2314 a
221 2275 350 2325 quibusdam
359 2275 472 2315 haereticis
480 2287 525 2315 esse
534 2275 615 2314 delatos
623 2275 658 2325 qui
665 2286 677 2313 a
684 2270 761 2315 Doride
768 2285 835 2326 genus
844 2274 953 2322 [lucerent

82 2343 102 2379 et
112 2340 207 2391 explicite
218 2342 307 2380 testatur
318 2340 429 2380 Simonem
443 2339 789 2392 episcopumhierosolymitanum
804 2351 828 2379 ex
838 2339 902 2390 stirpe
917 2340 955 2378 Da·
982 2388 985 2393 ἦ

81 2405 134 2446 vidis
147 2406 212 2445 tuisse
222 2405 337 2446 oriundum
350 2408 371 2445 et
384 2405 437 2445 allos
451 2417 476 2445 er
486 2405 560 2446 eadem
572 2406 637 2457 stirpe
647 2416 713 2456 usque
723 2405 749 2445 ad
761 2405 843 2445 traiani
856 2407 953 2456 tempora

81 2471 145 2511 vitam
154 2471 286 2523 perduxisse.
298 2471 351 2512 Gurn
361 2471 432 2523 itaque
440 2472 573 2523 Hegesippus
581 2473 625 2511 tam
634 2473 729 2511 accurate
738 2470 815 2511 referat
823 2469 956 2521 particularia

82 2536 184 2586 quaedam
195 2548 248 2588 quae
260 2549 297 2577 cur
308 2540 444 2577 connnontus
455 2537 483 2576 sit
492 2536 552 2577 nulla
563 2536 616 2576 ratio
627 2539 721 2588 apparet,
732 2535 833 2575 nonlicet
843 2535 888 2575 cius
899 2535 956 2574 tosti-

82 2602 153 2641 monia
161 2614 267 2655 spernere.
276 2603 299 2642 ln
309 2603 404 2643 talrnride
416 2602 530 2649 Ganraliel,
543 2601 605 2642 llillel
616 2602 699 2659 aliique
707 2598 808 2644 doctores
818 2612 884 2652 genus
895 2611 956 2640 suum

82 2677 92 2704 a
102 2667 178 2708 Daride
187 2669 263 2721 ducere
272 2668 373 2708 dicuntur
380 2667 414 2719 (cl.
426 2669 563 2720 llamburger,
576 2666 790 2718 ltcalencyolopacdie
800 2666 834 2706 itir
844 2665 903 2704 Bihel
912 2665 955 2704 und

83 2731 168 2773 'lalrrtud
180 2733 197 2774 ll
206 2746 226 2785 p.
239 2733 284 2773 233.
294 2733 351 2785 llll);
359 2733 449 2784 proinde
457 2735 553 2786 tempore
562 2732 637 2772 Christi
646 2743 712 2783 genus
721 2731 843 2770 tlavidicum
850 2730 955 2779 exstitisse

82 2799 195 2848 uotumque
210 2798 275 2839 fuisse
291 2798 428 2838 tahnudistae
446 2798 574 2838 existimant.
591 2797 649 2837 Idem
665 2807 749 2848 quoquo
764 2795 873 2836 evidenter
888 2798 954 2847 patet,

81 2862 130 2918 ¹[pria
139 2863 236 2916 tempore
244 2865 292 2904 Iesu
302 2863 410 2915 persuasio
421 2865 465 2903 erat
473 2862 592 2903 connnunis
603 2864 624 2901 ct
633 2861 745 2902 ductorum
754 2864 774 2902 et
783 2860 850 2914 plebis
858 2861 957 2901 llessiarn

82 2926 125 2967 l'ore
140 2940 164 2968 ex
177 2929 258 2969 semine
272 2930 338 2970 David
349 2928 414 2982 (ioan.
428 2929 439 2967 7
443 2930 482 2976 ,22
496 2928 569 2968 llatth.
580 2926 662 2980 athath),
675 2939 728 2979 quoe
738 2927 844 2979 persuasio
859 2927 922 2966 ettam
934 2927 957 2966 in

82 2993 161 3041 psalmo
169 2994 298 3034 salomonico
308 2996 362 3045 l‘hb.
373 2995 436 3035 23-27
446 2994 572 3034 enuntiatur.
581 2993 691 3041 Quomodo
701 2997 771 3034 autern
781 2991 884 3032 eiusmodi
896 2992 956 3033 firma

83 3059 102 3095 et
112 3062 209 3099 constans
219 3061 330 3111 persuasio
341 3060 412 3113 vtgere
423 3060 504 3113 potuit,
516 3060 533 3099 si
550 3059 593 3100 ianr
603 3059 683 3100 dudtrm
693 3058 773 3098 familia
782 3057 846 3098 David
859 3060 914 3097 esset
923 3068 955 3098 es·

82 3122 168 3164 stincta‘l
