2211 3575
416 140 528 222 araneax,
546 171 615 210 ia-ia
649 195 651 199 .
791 203 794 206 .
912 175 950 213 axa

72 270 219 331 ApudSpros
231 275 253 315 et
268 271 291 315 in
305 286 353 322 nana
364 287 402 324 ana
415 272 477 324 viem
488 271 578 316 Nahum
591 270 728 332 appellatur,
743 269 805 330 quod
814 283 898 314 nomen
912 270 950 314 alii
1020 278 1021 281 ’

72 341 165 386 domum
176 343 336 388 consolationis
347 343 466 404 (Theoph.)
480 342 672 404 interpretantem
683 345 708 389 S.
719 342 782 388 Hler.
798 341 827 406 ad
838 345 904 396 1th
916 355 951 385 ex-

70 417 140 478 plicat
157 419 236 464 villam
251 420 429 480 pulcherrimam
442 427 498 481 (ntur
509 421 546 465 vel
557 428 619 479 nica).
634 424 732 465 Vocatur
746 416 949 479 maritimarum·
971 481 972 485 Ἰ

70 481 185 549 elacata,
197 496 213 541 i.
232 485 251 542 ei.
267 513 325 557 quae
338 498 366 542 ad
386 499 463 543 laeam
478 498 626 563 Genesareth,
647 498 676 541 ad
692 512 754 541 mare
770 496 895 541 Tiberiadis
907 497 949 541 sita

70 571 125 612 erat.
181 596 182 600 =
314 568 315 571 ’
443 573 450 578 ”

96 635 167 683 'Addit
182 639 322 699 evangelista
334 642 454 698 praeterea
463 638 565 696 regionis
577 638 755 698 descriptionem
765 653 791 682 ex
801 638 897 682 historia
907 654 948 697 pa

68 709 118 769 puli
128 713 232 755 anteacta
243 724 248 756 :
260 711 283 754 la
294 708 380 770 finibus
390 708 492 759 Zabulon
502 717 524 753 cl
534 709 682 768 Nephthallm
691 709 716 753 in
726 723 752 753 ea
762 709 856 766 regione
867 709 890 752 in
903 724 949 769 qua

49 810 51 816 .
69 781 123 824 olim
131 782 204 825 trihus
214 771 351 826 Zabulon'et
363 780 511 840 Nephthalim
521 782 586 825 erant
598 780 847 839 eonterminae„proin
859 779 884 824 in
896 795 948 824 eon-

68 850 152 896 finibus
166 851 279 897 Galilaeae
292 851 406 896 inferioris
418 854 440 895 et
453 848 563 911 Galilaeae
577 851 710 912 superioris;
724 851 752 896 ct.
765 854 805 905 los.
821 855 887 906 lana
899 866 945 910 seq.
957 901 960 905 ⁴
995 896 997 900 ,
1065 893 1066 896 ,

68 927 104 968 27.
118 927 154 968 3l.
169 925 229 967 Haec
239 925 315 967 autem
328 926 405 967 monet
416 923 565 982 evangelista,
582 939 626 983 quo
636 924 724 968 animos
734 922 815 967 melius
826 925 947 982 praeparet

67 993 96 1038 ad
109 994 227 1039 oraculum
242 994 285 1039 rite
300 993 481 1054 percipiendum.
499 997 579 1055 Neque
590 996 651 1039 enim
668 1009 721 1039 casu
734 995 820 1038 factam
832 997 875 1049 est,
885 997 910 1038 ut
919 1009 946 1038 ea

66 1064 90 1108 in
105 1066 199 1123 regione
218 1066 328 1121 Christus,
345 1064 384 1109 lux
400 1066 490 1119 mundi,
506 1066 545 1110 lux
560 1081 614 1110 vera
628 1065 698 1124 (ioan.
720 1070 770 1121 1,e;
788 1068 852 1121 &123
871 1064 945 1123 lala)

67 1134 151 1180 diutius
164 1138 292 1180 moraretur
302 1139 323 1180 et
336 1135 463 1181 doctrinam
479 1149 543 1180 suam
553 1136 709 1195 praedicaret:
717 1136 781 1180 Nullo
791 1137 868 1195 itaque
878 1139 945 1195 pacto

66 1206 184 1260 offensioni
196 1221 245 1251 esse
259 1208 333 1265 potest
347 1207 410 1266 quod
422 1207 525 1251 Christus
537 1207 562 1251 in
575 1206 684 1262 Galilaea,
697 1206 792 1264 regione
804 1222 830 1250 eo
843 1211 944 1266 tempore

67 1277 95 1321 ab
105 1277 285 1322 aemulatoribus
300 1273 359 1336 legis
371 1280 466 1338 propter
483 1277 674 1322 cohabitationem
693 1278 813 1336 gentilium
827 1278 943 1338 despecta,

66 1348 106 1392 dia
124 1349 258 1393 versabatur
272 1349 352 1408 ibique
369 1349 457 1408 (utpote
470 1365 482 1393 a
500 1349 584 1394 Iudaea
598 1348 704 1394 recedere
718 1348 816 1407 coactus)
827 1348 944 1408 praediea-

66 1419 151 1463 tionem
163 1434 227 1464 suam
243 1420 356 1479 regnique
374 1420 410 1464 sui
427 1419 519 1463 exordia
531 1419 673 1475 instituebat;
687 1417 759 1464 immo
773 1419 797 1463 id
806 1419 944 1477 legationem

65 1491 113 1534 eins
126 1490 228 1535 divinam
239 1491 336 1535 maxime
346 1490 501 1545 commendat,
515 1491 570 1550 quia
579 1491 625 1535 iam
636 1492 704 1535 lsaias
711 1491 856 1550 praedixerat
864 1490 889 1534 in
895 1491 944 1550 ipsa

60 1560 91 1605 'ea
101 1562 195 1619 regione
208 1562 255 1606 lore
265 1564 291 1606 ut
300 1562 338 1606 lux
348 1555 461 1607 messiana
472 1562 596 1620 effulgeret.
610 1563 730 1618 Graculum
739 1563 847 1606 recitatur
857 1561 943 1621 (paucis

64 1632 139 1676 verbis
146 1632 242 1692 omissis)
248 1633 373 1677 secundum
380 1635 467 1677 textum
474 1632 609 1677 hebraicum
615 1636 641 1677 ls.
653 1637 705 1688 &23
715 1636 789 1688 etat.
801 1634 877 1676 Primo
885 1632 942 1677 desi-

20 1762 21 1765 *
65 1705 150 1760 gnatur
162 1703 263 1760 regiain
275 1719 297 1747 v.
317 1708 353 1758 15,
370 1703 424 1748 dein
436 1703 461 1747 in
473 1718 494 1747 v.
510 1708 537 1747 16
548 1718 574 1747 ex
587 1718 660 1763 aequo
670 1701 770 1763 p'opulus
780 1703 814 1747 ibi
827 1702 939 1758 habitans,

64 1789 105 1833 per
121 1773 216 1818 modum
231 1774 378 1834 appositionis
394 1789 432 1818 seu
446 1773 617 1829 declarationis3
636 1775 704 1831 regio
715 1774 755 1817 illa
767 1774 784 1819 i.
804 1789 824 1818 e.
844 1775 942 1833 populus
991 1816 992 1819 ,

63 1850 203 1895 viditlueem
212 1864 329 1911 magnam.
340 1853 395 1895 Cum
403 1851 428 1895 in
436 1864 520 1908 graeco
529 1854 657 1895 constanter
667 1852 759 1909 legatur
769 1843 815 1892 allo
824 1847 940 1903 θαλάσσης,

63 1922 130 1966 dehet
142 1921 189 1969 ὁδόν
203 1922 310 1982 explicari
320 1922 389 1966 modo
400 1921 538 1978 adverbiali,
553 1923 586 1966 uti
596 1923 662 1967 hebr.
676 1932 715 1991 Ἦ]
726 1922 864 1982 quandoque
878 1923 942 1966 adhi-
988 1956 990 1959 .

62 2005 137 2062 betur,
151 1999 238 2060 cernas,
253 2005 326 2061 invia
338 2005 368 2049 ad
381 2020 456 2061 mare,
470 2020 541 2065 quare
547 2009 609 2049 terra
622 2005 725 2050 Zabulon
735 2008 757 2049 et
768 2005 891 2065 Nephthali
905 2022 946 2051 ao,

62 2077 162 2121 curatius
177 2075 344 2135 determinatur
356 2080 467 2135 quatenus
480 2091 507 2120 ea
519 2078 654 2136 praesertim
672 2077 736 2134 regio
752 2079 866 2136 spectatur
882 2085 940 2136 (puae

61 2147 94 2192 est
105 2163 179 2192 uersas
192 2162 256 2201 mare
265 2147 281 2190 i.
300 2162 319 2191 e.
335 2144 413 2193 veraus
425 2148 502 2192 laeum
511 2148 659 2202 Genasaretb,
673 2148 707 2191 uti
720 2147 776 2191 bene
787 2148 834 2191 iam
846 2147 942 2206 explieat

57 2225 158 2283 Thecpla.
172 2227 184 2271 xl
199 2222 247 2283 πρὸς
260 2223 298 2270 τὴν
311 2215 357 2265 ala
374 2228 410 2273 τῆς
426 2222 529 2272 θαλάσσης
546 2225 627 2282 κειμένη
642 2227 664 2267 et
678 2224 748 2269 Mala.
773 2239 849 2268 versus
865 2239 938 2279 mare,
961 2256 963 2258 -

61 2302 116 2345 dum
134 2301 204 2349 Elath.
219 2299 353 2347 altataria
367 2292 447 2342 adda...
460 2298 571 2350 οἰκοῦντες.
586 2301 641 2345 Dein
658 2302 722 2357 regio
737 2308 797 2344 trans
810 2300 939 2356 Iordanem,

59 2373 83 2416 in
94 2372 144 2432 ripa
154 2372 259 2416 orientali
269 2372 384 2428 Iordanis,
395 2372 535 2427 nominatur,
547 2373 571 2416 in
582 2387 626 2431 qua
638 2372 732 2428 regione
743 2372 843 2416 Christus
851 2374 940 2432 saepius

60 2438 151 2503 quoque
163 2443 313 2499 .versahatur;
333 2443 424 2487 denium
447 2443 553 2488 Galilaea
574 2443 688 2502 psallam,
701 2446 760 2503 uhtu
771 2434 815 2508 5th
830 2446 858 2487 ls.
877 2447 938 2498 823,

59 2527 151 2586 proprie
165 2526 264 2571 circulus
278 2526 393 2583 gentium,
409 2527 473 2584 regio
489 2526 633 2586 potissimum
649 2541 662 2569 a
678 2526 785 2583 gentihus
801 2524 937 2580 inhabitata,

60 2617 129 2663 quam
143 2617 223 2647 vocem
232 2604 279 2647 iam
293 2606 347 2647 Lllll
359 2607 477 2648 verterunt
489 2600 594 2660 faldata
607 2607 647 2645 τῶν
661 2601 727 2645 ἐθνῶν.
743 2603 841 2648 Galilaea
858 2604 940 2648 intelli-

59 2680 122 2736 gitur
132 2679 244 2739 superior,
256 2680 399 2724 contermina
408 2681 486 2737 Syriae
497 2684 518 2724 et
528 2682 669 2735 Pboenioiae,
680 2679 781 2724 Galilaea
793 2681 805 2725 ἡ
819 2674 860 2720 ἅνω
874 2680 940 2738 (lose-

58 2758 129 2815 plnn,
141 2757 195 2801 bell.
210 2756 258 2801 iud.
273 2759 320 2811 3,3.
337 2755 359 2815 1)
371 2760 393 2800 et
407 2760 417 2800 1
434 2758 504 2802 llaeh.
516 2762 568 2811 5,l5
583 2757 683 2801 Galilaea
695 2755 824 2814 ἀλλοφύλων,
839 2757 939 2814 Regionis

60 2828 173 2888 descripta
185 2828 234 2888 ipse
242 2828 340 2888 populus
352 2842 375 2872 v.
390 2831 416 2872 16
425 2828 449 2871 in
460 2843 506 2888 qua
516 2829 544 2871 sit
554 2827 682 2871 conditione
694 2827 830 2872 declaratur.
844 2831 870 2872 at
879 2829 940 2888 apud

60 2900 140 2948 isaiam
151 2899 245 2958 quidem
254 2899 357 2959 proxime
367 2898 501 2958 exprimitur
514 2898 613 2943 conditio
625 2899 706 2959 populi
715 2899 784 2943 rebus
795 2901 897 2958 angustis
908 2901 939 2944 af·
1010 2944 1012 2947 .

59 2970 124 3024 flicti,
136 2970 358 3030 servitute'oppressi
367 2973 389 3015 et
397 2969 493 3015 miseriis
504 2970 590 3025 obruti,
603 2970 657 3030 quia
668 2986 694 3015 ea
708 2971 773 3028 regio
788 2971 854 3015 bellis
867 2971 938 3029 spria-

59 3082 173 3124 couxenhmt,
184 3081 223 3114 fons
235 3081 265 3114 ille
275 3062 351 3127 orithia
362 3083 456 3125 Tahighab3
468 3082 489 3116 ct.
504 3083 578 3121 Galata,
590 3083 697 3125 Description
711 3083 732 3115 de
743 3083 759 3116 la
769 3083 863 3122 Palestine,
876 3083 939 3118 Galilte

60 3134 89 3177 lp.
98 3141 137 3177 2263
145 3134 223 3168 similiter
232 3135 294 3174 lllllcr,
303 3136 397 3170 Erdkunde
404 3138 439 3169 XV.
450 3140 455 3169 1
465 3146 481 3177 p.
491 3139 527 3170 338¹
540 3137 613 3172 Wllroa.
625 3139 699 3175 Ferrea
709 3137 756 3177 Keil,
767 3136 842 3177 Scitam,
854 3138 874 3170 R.
884 3137 936 3171 illesa
