2211 3575
459 222 543 270 ,ΜΑΤΤΗῘ
552 203 588 274 11,
604 225 636 265 30.
827 234 830 238 ’
951 237 989 275 523

109 341 132 370 11.
150 325 184 385 31;
202 342 265 373 amor
279 327 339 373 enim
355 339 401 371 non
417 328 485 392 sentit
501 326 602 386 pondus;
618 340 671 373 cum
683 329 777 372 amatur
793 339 841 372 non
857 324 987 389 laboratur,

110 400 149 442 aut
168 398 186 443 si
205 399 331 452 laboratur,
350 397 415 441 labor
434 399 526 441 amatur
546 396 641 456 (Loozp;
658 398 708 443 simss
728 397 796 459 Oct).
816 397 877 444 Addi
898 411 990 456 quoque

74 512 76 515 .
109 473 182 529 potest
195 470 257 530 quod
269 469 368 524 notatS.
384 469 435 527 Cpr.
448 467 474 512 in
487 466 541 525 lege
554 467 637 512 Christi
649 468 778 513 nullatenus
788 485 814 515 ca
826 469 941 530 supplicia
954 469 998 527 ins

109 540 160 598 fligi
173 555 232 600 quae
247 540 299 598 lege
315 541 391 585 vetere
409 538 616 596 transgressoribus
633 530 697 585 erant
712 540 839 599 proposita3
856 533 999 598 peccatores

110 612 211 657 Christus
226 611 326 670 benigne
342 611 442 672 suscipit,
457 611 525 655 facile
541 604 757 668 veniamconcedit,
772 611 875 671 remedia
889 608 989 655 instituit

104 682 301 729 >reconciliationis
319 675 424 732 efficacia.
444 685 540 727 Demum
558 682 626 742 quale
644 698 700 728 onus
719 683 796 728 sentiri
813 683 884 743 possit
900 681 919 726 si
938 681 988 741 quis

105 744 209 799 ¹mentem
225 754 349 800 adverterit
364 747 433 799 adid
450 753 513 813 quod
530 768 582 799 oum
593 754 623 798 ‘in
639 753 750 813 praesenti
765 754 987 799 sitmomenteneum
1062 784 1064 790 -

108 830 130 870 et
141 826 192 870 leve
204 818 357 872 tribulationis
369 828 467 881 nostrae,
479 828 557 870 tamen
571 839 639 885 supra
651 826 745 871 modum
757 825 782 870 in
795 824 934 870 sublimitate
948 839 986 869 ae-

108 901 201 941 ternum
219 889 306 955 gloriae
325 897 413 957 pondus
432 900 540 956 operatur
559 897 582 958 (2
600 899 649 943 Cer.
670 897 770 960 t‚17.·S.
792 896 898 957 Chrysi?
914 900 987 949 Quare
1018 929 1019 933 1

108 968 191 1028 merito
204 969 259 1014 dicit
273 972 350 1014 auctor
365 984 400 1027 op.
416 968 471 1029 imp.
484 982 493 1012 :
509 986 520 1010 a
534 984 547 1013 o
560 969 715 1026 gratissimum
728 968 897 1029 pondusquod
912 967 985 1025 magis

108 1041 221 1086 confortat
230 1043 356 1100 portantes!
366 1056 420 1085 nam
430 1039 522 1099 pondus
530 1040 673 1097 terrestrium
684 1040 828 1085 dominorum
837 1039 915 1084 atterit
924 1039 985 1083 vires

107 1111 296 1168 ministrantium,
315 1111 404 1171 pondus
424 1114 502 1156 autem
521 1110 604 1155 Christi
626 1112 698 1169 magis
717 1111 810 1156 adiuvat
828 1111 982 1164 baiulantem,

107 1183 163 1242 qnia
178 1197 225 1227 non
242 1181 284 1227 nos
302 1185 419 1241 portamus
434 1182 544 1239 gratiam,
561 1182 602 1226 sed
619 1182 749 1239 gratianos
769 1199 788 1227 o.
807 1183 890 1239 Invitat
905 1181 984 1241 itaque

107 1254 209 1299 Christus
219 1268 297 1298 omnes
309 1257 334 1298 ut
346 1254 394 1299 loco
405 1253 491 1298 laboris
502 1257 524 1298 et
534 1252 609 1297 oneris
622 1268 666 1313 quo
678 1256 812 1313 premuntur
823 1255 851 1312 (v.
864 1252 902 1312 28)
914 1252 984 1297 susci*
1010 1312 1012 1314 Ι

106 1325 172 1383 piant
183 1324 340 1382 euangelicum
352 1339 418 1372 suum
428 1325 510 1382 iugum
521 1339 590 1369 16666
603 1328 681 1369 eontra
690 1326 800 1381 laborem,
811 1328 832 1369 et
843 1316 890 1369 leve
904 1326 998 1388 contra.
1072 1341 1074 1345 ’

106 1410 164 1440 onus
180 1395 257 1456 (0611,
272 1398 348 1455 Neque
361 1399 449 1456 pugnat
463 1410 515 1440 cum
531 1395 576 1440 hac
590 1396 724 1441 invitatione
737 1396 799 1456 quod
813 1400 881 1441 antea
895 1394 984 1439 dixerat

106 1467 134 1517 de
145 1470 241 1524 angusta
250 1469 317 1527 porta
327 1469 348 1511 et
358 1467 395 1512 via
407 1469 470 1511 arcta
483 1466 554 1525 (Mil.
568 1469 634 1521 ittet
646 1467 673 1511 de
685 1482 749 1512 cruce
761 1466 873 1527 portanda
885 1466 981 1526 (10,38).

54 1535 56 1537 ’
105 1542 161 1583 Nam
175 1529 234 1597 quae
246 1537 334 1582 homini
347 1538 393 1583 suis
406 1538 494 1582 viribus
506 1537 586 1582 relicto
600 1538 751 1599 impossibilia
763 1541 822 1595 sunt,
834 1538 893 1582 haec
905 1537 983 1582 facilia
1034 1549 1035 1553 ’

105 1609 181 1653 reddit
192 1608 307 1654 ac'suavia
320 1610 394 1666 gratia
404 1609 494 1670 Christi.
507 1611 581 1657 Testes
594 1612 646 1653 sunt
659 1610 759 1669 apostoli
770 1610 887 1668 sanctique
903 1622 982 1652 omnes

105 1681 146 1740 qui
158 1680 183 1724 in
195 1679 382 1726 tribulationibus
394 1673 555 1738 gloriabantur
569 1682 591 1724 61
603 1680 628 1724 in
638 1695 705 1725 cruce
716 1680 797 1724 Christi
810 1679 907 1725 terenda
920 1694 981 1724 surn-

104 1766 153 1796 mas
166 1752 340 1811 experiebantur
354 1750 453 1796 delicias.
465 1754 523 1795 Vere
539 1751 594 1795 dicit
608 1755 686 1796 auctor
698 1767 733 1812 op.
745 1752 799 1812 imp.
811 1768 819 1797 :
832 1769 843 1792 x
857 1751 981 1809 inexpertis

105 1822 181 1880 gravis
191 1826 224 1868 est
233 1822 319 1868 iustitia
329 1822 417 1878 Christi,
430 1823 529 1882 expertis
539 1825 617 1867 autem
628 1823 703 1868 suavis
713 1826 745 1867 est
756 1841 775 1867 ».

133 1898 228 1938 Demum
239 1909 285 1939 non
298 1897 331 1938 est
342 1894 432 1939 silentio
443 1886 639 1953 praetereundum
651 1894 707 1939 haec
720 1893 789 1939 verba
803 1909 824 1939 v.
837 1897 905 1939 28-30
918 1893 981 1953 apud

103 1964 178 2010 solum
195 1964 242 2023 legi
258 1954 401 2010 Matthaeum.
420 1964 509 2009 ludaeis
527 1964 589 2008 enim
607 1968 629 2009 et
646 1964 866 2010 Iudaeo-christianis
884 1967 980 2024 propter

103 2035 162 2094 legis
174 2036 287 2080 mosaicae
297 2050 354 2080 onus
364 2038 385 2080 et
394 2035 475 2093 iugum
486 2035 548 2094 quod
559 2035 721 2080 traditionibus
731 2035 815 2081 additis
825 2036 895 2080 etiam
906 2036 979 2092 magis

104 2110 197 2152 auctum
210 2109 264 2162 erat,
276 2107 332 2151 hacc
344 2107 414 2152 verba
425 2120 496 2164 quam
509 2106 607 2151 maxime
621 2109 729 2167 aptantur
741 2109 763 2151 et
775 2108 824 2167 ipsa
835 2106 978 2166 expressione

103 2179 157 2238 1691
163 2179 209 2222 mei
217 2192 274 2237 quae
282 2178 318 2222 bis
327 2177 449 2222 adhibetur
456 2176 493 2221 illi
502 2178 580 2221 statim
588 2176 777 2236 admonebantur,
787 2180 900 2238 quantum
909 2177 980 2222 inter-

103 2253 162 2294 esset
167 2250 227 2293 inter
233 2249 313 2306 iugum
320 2248 377 2306 legis
385 2252 407 2293 61
414 2247 496 2305 iugum
504 2248 595 2292 Christi.
605 2250 659 2293 Cum
668 2249 754 2294 scribae
762 2249 798 2294 vel
806 2249 865 2307 legis
875 2249 979 2293 doctores

103 2324 126 2365 et
136 2319 405 2378 pharisaei-imponerent
417 2318 504 2378 populo
516 2334 586 2363 onera
596 2320 676 2376 gravia
688 2323 710 2364 ct
722 2320 879 2379 importabilia
892 2319 976 2380 (tlatth.

103 2390 165 2450 1311)
177 2392 200 2435 61
210 2389 322 2450 populum
332 2403 414 2448 magno
425 2392 559 2448 contemptu
568 2391 692 2435 tractarent
703 2391 740 2450 (61,
752 2394 814 2443 loan.
826 2394 879 2445 7,t9
893 2404 897 2434 :
909 2391 979 2435 turba

102 2464 159 2507 haec
179 2466 226 2506 non
248 2461 311 2505 novit
333 2460 417 2519 legem,
435 2460 553 2505 maledicti
575 2460 647 2520 sunt),
665 2462 733 2508 etiam
754 2462 919 2521 intelligimus,
938 2478 979 2507 cur

101 2537 122 2578 S.
135 2534 259 2577 Matthaeus
274 2532 331 2577 haee
346 2532 426 2577 Christi
442 2532 515 2577 verba
529 2531 611 2576 litteris
624 2534 808 2593 consignaverit:
821 2534 901 2579 discite
915 2549 929 2580 a
941 2549 978 2579 me

101 2603 155 2663 quia
170 2603 230 2648 mitis
245 2617 296 2648 sum
310 2606 333 2647 et
346 2595 439 2650 humilis
454 2604 530 2648 corde.
548 2603 645 2650 Proinde
661 2606 746 2650 exsuis
762 2593 899 2666 aequalibus
914 2608 979 2666 quasi

100 2673 199 2735 quaerit,
210 2668 286 2718 utrum
296 2673 342 2718 illis
354 2676 389 2719 vel
399 2675 487 2720 Christo
497 2690 520 2720 sa
531 2674 621 2719 tradere
635 2677 704 2721 velint
715 2677 842 2736 discipulos.

248 2837 249 2840 ¹
336 2822 354 2859 3.
369 2822 484 2860 contionaria
497 2823 561 2858 61116661
570 2823 639 2869 populi
655 2823 698 2870 Cap.
713 2824 740 2859 12.

128 2953 164 2998 Uti
176 2953 201 2997 in
214 2969 263 3013 cap.
277 2958 303 3000 11
320 2953 458 3012 evangelista
474 2953 574 3014 ostendit
589 2969 658 3013 quam
672 2970 754 3016 parum
767 2958 867 3018 populus
880 2958 978 3005 idoneus

99 3028 156 3071 esset
170 3038 241 3082 regno
256 3026 375 3088 messiano,
390 3026 422 3071 ita
434 3025 459 3070 in
474 3025 518 3069 hoc
534 3039 584 3084 cap.
602 3029 630 3069 12
644 3026 707 3072 idem
721 3027 854 3088 explicatius
869 3029 936 3076 docet
949 3030 977 3074 de

98 3097 195 3142 ducibus
211 3096 298 3156 populi,
314 3097 342 3141 de
355 3097 483 3158 pharisaeis
496 3100 518 3142 et
531 3096 619 3155 scribis,
634 3098 662 3144 de
676 3099 704 3145 iis
716 3099 793 3160 itaque
808 3102 848 3161 qui
863 3101 922 3157 legis
938 3116 975 3145 aa·

97 3168 222 3213 mutatores
231 3167 329 3227 speciem
340 3170 430 3227 pictatis
443 3184 499 3228 prae
513 3184 536 3213 se
547 3168 660 3217 terebant
673 3174 755 3216 Eorum
766 3176 840 3217 autem
852 3170 973 3227 malitiam,
