2239 3511
174 162 200 202 18
409 174 435 202 DE
451 173 570 204 evertemus
586 174 625 203 CUM
640 174 667 202 tir
680 172 796 203 itrrrmeus.

203 267 259 309 Clota
271 268 326 310 Alere
337 282 361 310 ex
373 270 486 322 Evangelio
496 268 545 309 Καθ’
560 268 654 320 ζΕὗριιίους
667 269 701 308 his
716 270 773 309 idem
783 268 865 309 dietum
878 267 953 309 Christi
965 267 1050 319 allegat,
1081 282 1084 284 ·

174 334 253 374 Strom.
265 335 283 374 2.
296 335 317 383 9,
329 336 365 382 453
375 335 393 373 6.
403 336 435 382 44,
448 335 473 374 96
488 331 536 387 (Me
546 334 619 383 8,984;
634 333 711 385 etti).
725 334 784 374 Idem
795 334 876 385 legitur
886 333 907 372 in
922 333 1050 384 Fragmento

174 398 304 451 evangelieo,
317 398 393 450 Oxyrh.
404 399 457 450 Pap.
467 399 499 441 IV.
510 411 531 438 n.
542 400 588 439 654.
600 411 620 451 p.
635 395 686 438 464.
830 438 833 440 ,
1072 421 1074 423 »

200 465 230 503 Ex
242 462 328 517 Oripene
343 464 369 504 ad
379 458 417 504 n'os
430 467 574 515 pervenerunt
586 464 627 504 duo
639 463 686 512 loci,
701 463 783 504 Gomm.
796 464 816 503 iri
828 463 845 503 J
856 467 901 503 tom
914 464 961 511 2,l2
975 462 1018 515 (aut
1030 461 1049 515 6)

173 525 224 579 (ΜΘ
234 529 306 577 thim
320 527 350 582 G),
363 528 386 569 in
398 526 422 568 [ι1
433 528 492 569 hom.
507 527 553 576 tet
567 527 615 581 (ΜΗ
625 529 698 575 43433
711 528 735 581 Β)
747 531 767 567 et
779 529 799 567 in
809 528 841 568 lit
850 529 950 578 *tete-23
964 527 1049 579 longior

172 592 243 633 textus
259 591 308 646 (MG
324 593 408 642 terme
425 592 464 646 ss).
480 593 551 633 llodus
567 593 668 645 loquendi
682 593 806 634 manifestat
820 605 885 645 quam
902 593 1061 633 auctoritatem·

156 676 158 679 ·
174 655 224 710 Ortp
231 658 279 698 huie
288 658 401 711 Evangelio
412 658 541 699 attribuerit.
553 674 563 711 e
576 659 681 710 Scriptum
692 661 726 698 est
736 659 758 697 in
765 657 879 710 Evangelio
890 658 984 710 quodam
993 658 1049 709 quod

171 722 250 763 dieitur
269 734 312 764 seo.
329 724 447 771 Hebraeos
461 724 479 763 si
496 727 568 764 tamen
588 725 655 775 placet
674 723 740 764 alieui
751 724 869 774 ‘suscipere
890 723 950 773 illud,
963 734 1009 763 non
1023 714 1048 761 ad

171 787 329 836 auctoritatem,
342 789 379 829 sed
389 790 414 830 ad
430 790 628 830 manifestationem
638 789 761 842 propositae
773 788 906 841 quaestionis
918 803 936 836 ν,
948 787 1049 828 similiter
1089 801 1090 804 ¹

171 852 195 892 in
205 853 253 893 aliis
263 853 316 895 loeis
327 854 395 897 allatis
403 854 459 896 illud
469 866 509 894 non
519 871 528 891 u
537 856 564 895 ad
573 855 725 907 auetoritatem
736 870 745 891 ν
757 855 842 906 allegat.

140 967 142 974 y
199 916 330 972 Heqeeippes
344 919 463 960 seeundum
478 921 593 960 Eusebium
608 919 637 973 (h.
649 931 665 959 e.
677 922 699 959 4.
715 921 747 968 22,
762 920 780 972 8)
794 919 814 957 ἔκ
828 935 849 958 τε
864 923 894 977 σοῦ
904 919 941 959 καθ’
952 917 1048 972 Ἓὸραίονς

171 982 273 1034 εὐαγγελίου
288 981 320 1022 καὶ
329 986 364 1023 Ἰτοῦ
377 986 461 1039 συριοικού
474 983 504 1022 καὶ
514 983 560 1028 ἰδίως
574 984 594 1022 ἐκ
607 985 636 1031 τῆς
645 982 740 1037 Ἑύριιίδος
753 983 844 1033 διαλέκτου
861 984 964 1035 quaedam
979 983 1046 1035 ponii.
1084 1036 1085 1039 Ἴ

171 1049 203 1087 Er
211 1038 346 1089 distinetione
356 1041 409 1089 inter
419 1048 455 1090 Εο
466 1060 507 1089 see.
519 1050 626 1089 Hebraeos
637 1052 657 1089 et
667 1041 780 1101 Syriacum.
788 1049 865 1089 saltem
876 1049 960 1100 aliquod
974 1048 1047 1088 discri-

170 1124 222 1153 men
236 1115 291 1155 inter
305 1116 421 1169 utrumque
436 1115 590 1155 assumendum
604 1116 649 1162 erit,
661 1127 733 1166 neque
749 1115 860 1167 explicatio
871 1127 883 1154 a
893 1113 912 1153 Z
914 1113 953 1154 ottn
970 1116 1047 1166 propo-

144 1180 145 1183 ’
170 1178 213 1217 sita
224 1178 252 1231 (in
265 1177 309 1218 Mt³
322 1178 366 1231 2is)
380 1180 498 1231 probabilis
515 1183 552 1228 est,
572 1180 718 1232 Hegesippum
734 1181 841 1231 quaedam>
854 1180 927 1219 alierre
941 1192 966 1219 ex
982 1180 1047 1219 Evan-

169 1242 228 1295 gelio
237 1255 278 1284 see.
288 1243 325 1284 Hb
337 1247 357 1284 et
370 1244 458 1294 quidem
468 1256 493 1283 ex
507 1247 565 1284 teitu
579 1244 693 1285 aramaieo.
707 1240 759 1297 Nam
775 1245 792 1283 si
806 1245 874 1284 verba
887 1260 896 1281 «
909 1256 933 1284 ex
946 1244 1047 1284 hebraica

171 1309 261 1349 dialeeto
272 1325 280 1346 n
292 1309 347 1348 nihil
359 1304 501 1362 significarent
511 1310 551 1349 nisi
562 1310 701 1362 allegationes
712 1310 829 1350 aramaieas
841 1322 866 1349 er
877 1310 992 1361 Evangelio
1004 1320 1044 1349 seo⁴

169 1373 212 1425 Hb,
223 1386 264 1426 non
277 1375 355 1415 luisset
368 1375 419 1415 ratio
435 1392 444 1411 «
460 1376 564 1427 syriacum
577 1391 585 1411 i
598 1376 720 1427 specialiter
735 1364 862 1415 nominandi
876 1387 945 1426 neque
959 1375 1046 1430 intelle·

168 1439 233 1492 gitur,
251 1430 291 1490 qua
312 1438 393 1480 ratione
413 1441 519 1492 probabili
541 1440 631 1481 tertium
651 1440 772 1480 membrum
795 1452 846 1480 oum
866 1440 934 1491 primo
954 1440 1045 1480 coniun-

168 1508 240 1556 gatur.

197 1568 265 1609 Enseb
280 1571 301 1609 in
311 1562 450 1621 'Theophania
462 1569 496 1611 Eo
512 1571 617 1610 hebraicis
632 1571 699 1610 literis
716 1576 735 1610 et
748 1571 818 1622 lingua
834 1570 936 1622 seriptum
949 1581 1045 1609 comme—

169 1638 246 1681 morat,
258 1636 294 1676 sed
305 1635 359 1675 illud
370 1647 411 1676 non
423 1647 466 1677 see.
477 1635 510 1675 Hb
521 1636 615 1688 appellat
625 1637 646 1675 in
659 1636 712 1675 loeis
724 1647 787 1687 supra
796 1636 896 1676 laudatis.
1049 1678 1051 1680 ,

196 1699 268 1754 Eptph
284 1701 320 1741 de'
337 1701 446 1754 Nazoraeis
467 1701 530 1752 (haer.
552 1702 610 1754 229)
630 1702 720 1753 loquens
740 1701 789 1741 dioit
807 1713 844 1741 eos
864 1701 940 1741 habere
958 1703 980 1739 τὸ
1000 1699 1045 1739 κατὰ

168 1765 260 1804 illexerat
273 1765 377 1817 εὐαγγέλιον
390 1766 512 1818 πληρέστοιτον
522 1764 629 1821 ¹‘Eiipn'iert
640 1766 681 1821 παρ’
697 1764 801 1818 αὐτοῖςγὰρ
815 1767 877 1817 σαφῶς
889 1769 944 1815 τοῦτο,
956 1765 1015 1809 καθὼς
1028 1764 1045 1809 ἐξ

168 1833 226 1881 ἀργῆς
242 1831 317 1884 ἐγράφη,
338 1830 441 1883 Ἓύραίκοῖς
455 1830 547 1884 γράμμασι
562 1830 588 1869 ἔτι
603 1830 683 1876 σώζεται,
697 1831 789 1871 Dubium
804 1830 847 1871 sibi
859 1842 903 1870 esse
916 1831 975 1876 dieii.
991 1842 1044 1870 num

167 1896 304 1948 genealogias
319 1897 345 1936 ab
359 1896 465 1936 Abraham
475 1908 541 1948 usque
553 1896 581 1936 ad
592 1896 700 1937 Christum
713 1896 863 1947 expunxerint3
878 1896 903 1935 de
916 1896 962 1935 aliis
977 1896 1044 1946 parti-

167 1962 209 2000 bus
219 1959 249 1999 Mt
260 1961 292 2000 l-2
306 1960 348 2001 hoe
360 1967 402 2000 non
415 1960 475 2001 dicit,
487 1960 520 2000 Εο
532 1961 557 2001 ab
570 1961 679 2002 Ebionaeis
694 1961 804 2013 receptum
818 1960 936 2000 seeundum
949 1960 1043 2014 Epipha-
1073 1985 1076 1989 -

166 2026 230 2066 nium
244 2024 308 2078 (litter.
323 2027 356 2073 30,
367 2025 387 2078 3)
398 2028 431 2066 esi
452 2025 472 2065 τὸ
487 2025 531 2065 atri
550 2028 644 2065 illustretur
661 2026 787 2077 εὐαγγέλιον...
803 2027 879 2065 καλοῦσι
898 2025 915 2063 δὲ
936 2026 980 2064 αὐτὸ
998 2026 1043 2064 κατὰ

167 2090 262 2143 Ἑύραίοος
311 2089 337 2129 ὅτι
352 2093 442 2136 Μοτθαῐος
457 2092 507 2141 μόνος
528 2090 624 2144 (Εὗροιῖστί
638 2092 667 2129 καί
681 2090 784 2145 Ἑὸραϊκοῖς
798 2091 904 2143 γράμμασιν
922 2092 939 2130 ἐν
954 2094 977 2143 τῇ
992 2094 1043 2144 καινῇ

166 2155 245 2210 διαθήκῃ
258 2155 355 2202 ἐποιήσατο
367 2155 398 2204 τὴν
414 2160 446 2195 τοῦ
461 2155 562 2210 εὐαγγελίου
579 2155 646 2195 ίκθεσίν
660 2172 679 2195 τε
694 2157 725 2195 καί
741 2156 832 2209 κήρυγμα,
852 2158 875 2197 ln
894 2157 1041 2207 sequentibus,
1086 2145 1088 2147 Ι

166 2222 224 2262 haer.
235 2221 266 2269 30,
278 2222 312 2270 13,
324 2222 384 2274 plura
397 2233 422 2261 ex
434 2220 475 2261 hoe
487 2222 545 2261 affert
561 2222 682 2274 Evangelio,
697 2221 754 2273 quod
768 2222 808 2274 ipsi
821 2220 916 2274 Ἑὸρσῖκόν
926 2222 1041 2274 appellant,

166 2284 331 2341 sedqseeaudnnt
343 2285 373 2325 lit
386 2286 542 2327 denominatur.
555 2288 585 2326 Er
597 2287 760 2338 allegationibus
773 2289 840 2339 patet,
853 2289 876 2326 ut
886 2289 947 2327 antea
961 2287 1042 2326 dietum

166 2353 205 2398 est,
218 2363 241 2391 ex
253 2350 300 2390 aliis
311 2351 431 2403 Evangeliis
443 2352 543 2403 quaedam
554 2355 664 2403 assumpta
673 2363 730 2400 esse¹
740 2351 879 2403 potissimum
888 2364 912 2392 er
921 2351 945 2403 L>
953 2352 977 2391 ef
984 2352 1041 2392 haer.

166 2417 202 2456 30Α
213 2416 244 2455 44,
256 2416 286 2455 46.
298 2416 325 2454 22
336 2414 383 2468 (tte
393 2419 426 2465 44,
438 2417 477 2456 466
488 2418 513 2465 Α;
526 2417 565 2457 teo
579 2417 605 2466 B3
617 2417 655 2456 tm
665 2418 690 2465 C}
702 2417 742 2456 436
752 2416 776 2466 6,·
789 2417 827 2456 441
840 2417 895 2470 G-D).

188 2543 203 2572 1.
215 2539 284 2581 Legitur
299 2541 347 2583 apud
362 2540 473 2574 elementem
486 2540 542 2573 Strom
556 2544 572 2573 2.
586 2543 602 2579 9,
614 2543 634 2573 45
650 2542 658 2572 ὁ
672 2541 757 2582 θαυμάσαι
770 2541 870 2583 βασιλεύσει,
880 2542 910 2575 ’καὶ
923 2542 931 2574 ὁ
946 2540 1043 2585 βασιλεύσας

164 2594 282 2632 ἀναπαήσετοιι.
295 2595 359 2627 Sirom.
370 2596 428 2632 tate,
438 2597 458 2626 96
471 2594 489 2625 οὐ
500 2594 586 2628 παύσεται
601 2596 609 2627 ὁ
624 2596 682 2634 ζητῶν,
696 2594 726 2631 ἕως
735 2595 754 2626 ἂν
765 2595 808 2643 εύργ·
819 2594 871 2636 εύρὼν
886 2595 903 2627 δὲ
916 2595 1041 2638 deponito-eret,
1095 2610 1096 2613 ¹

151 2647 248 2697 ,βαμύηθεὶς
264 2648 280 2681 δὲ
298 2647 396 2690 βασιλεύσει,
411 2643 507 2688 βασιλεύσας
527 2647 544 2680 δὲ
565 2648 705 2686 ἐπαναπαήσεται.
719 2647 769 2681 'Idem
790 2648 857 2681 dictum
873 2648 948 2682 recurrit
964 2649 983 2681 in
1001 2652 1042 2691 Pap.

164 2700 231 2742 Oxyrh.
241 2703 271 2733 654
280 2702 303 2744 μὴ
316 2701 404 2736 παυσάσθω
420 2701 429 2733 ὁ
442 2703 492 2740 ζητῶν
502 2700 531 2738 ἕως
544 2702 565 2734 ἂν
579 2701 622 2749 εὕρῃ,
632 2701 659 2734 καὶ
672 2702 713 2734 ὅταν
726 2701 764 2749 εὕρῃ
776 2702 905 2744 laudabilesque,
917 2702 942 2735 καί
957 2702 1043 2744 θαμὸηθείς

164 2752 257 2798 βασιλεύσει
266 2755 398 2797 rutenensem
407 2754 547 2793 ἐπαναπαήσεται.
560 2754 634 2788 concedi
644 2754 717 2797 quidem
723 2757 787 2797 petest,
798 2755 906 2789 Clementem
916 2755 992 2789 sortasse
1003 2765 1042 2789 casu

163 2810 182 2842 in
191 2808 262 2841 eandem
273 2809 310 2842 fere
321 2807 413 2841 versionem
425 2807 521 2847 devenisse,
532 2809 615 2850 quamvis
622 2807 645 2841 id
656 2808 727 2842 nonsit
736 2808 833 2851 probabile,
843 2818 883 2842 eum
893 2809 969 2843 alterum
978 2809 1042 2842 dietum

163 2860 233 2902 longius
245 2861 268 2894 sit
279 2870 332 2904 quam
342 2861 395 2903 prius¹
406 2860 438 2903 sed
452 2862 522 2895 omnino
531 2860 633 2895 incredibile
642 2864 674 2903 eat,
684 2861 751 2904 Logion
765 2861 782 2895 in
796 2864 839 2905 Pap.
853 2863 917 2905 Oxyrh.
928 2872 971 2896 easu
983 2865 1042 2897 tanto-

163 2923 205 2958 pere
218 2924 255 2947 eum
268 2915 358 2949 Clemente
368 2915 461 2947 convenire
471 2918 501 2948 aut
514 2925 524 2948 a
535 2915 624 2949 Clemente
636 2915 740 2958 dependere.
755 2917 796 2958 orte
807 2917 829 2949 te
843 2917 856 2949 J
868 2917 904 2950 tom
917 2920 954 2959 242
965 2916 987 2959 (e)
998 2917 1041 2951 etin

163 2970 186 3002 Jr
194 2966 240 2999 horn.
251 2969 287 3011 tat
296 2968 358 3002 eadem
368 2968 421 3002 verba
432 2968 503 3009 Christi,
514 2968 575 3010 paucis
582 2968 599 3000 in
606 2968 659 3009 altere
668 2968 708 3002 loeo
719 2969 792 3011 omissis,
800 2970 833 3003 sed
840 2969 899 3003 eadem
908 2970 965 3004 forma
975 2979 1039 3011 graeca¹

163 3022 236 3060 excepto
245 3022 297 3055 semel
309 3022 382 3055 articulo
392 3022 411 3055 τό
420 3021 477 3055 affert.
490 3023 535 3055 Haec
544 3021 662 3055 sufficiuntat
670 3021 775 3065 probandam
787 3023 907 3057 exsistentiam
916 3026 976 3057 textus
986 3025 1041 3067 graeei

162 3073 253 3116 Evangelii
265 3083 298 3108 see.
310 3076 343 3116 rib,
355 3075 457 3117 praesertim
471 3084 510 3108 eum
519 3076 537 3109 in
548 3075 605 3119 primo
615 3076 651 3109 loeo
660 3078 723 3118 agatur
733 3076 753 3110 de
763 3077 882 3111 locutionibus
890 3078 954 3120 graeeis
964 3087 999 3111 non
1006 3078 1040 3111 usi-

108 3151 110 3156 ·
161 3126 205 3170 tatis
217 3129 233 3161 et
243 3126 306 3161 obviis.
