2211 3575
323 224 348 277 st
381 226 590 297 aillinart-17.
823 295 825 297 ,
903 251 941 293 193
985 295 987 298 .

88 346 157 398 Aliqui
165 347 367 390 etiamcontendunt
375 351 431 403 apud
438 351 525 392 ludaeos
535 351 638 404 Spiritum
646 353 744 392 sanctum
753 347 850 406 symbolo
858 347 938 387 colum-

32 406 34 409 ’
62 412 101 452 bae
112 423 157 453 esse
168 412 306 465 designatum
314 416 347 456 vel
358 428 406 457 eum
419 417 517 457 columba
526 429 571 457 esse
581 412 726 470 comparatum
738 415 852 471 (Wlinsclre
863 426 885 466 p.
896 410 937 474 21).

61 477 102 518 Sed
117 488 236 531 perperam.
246 480 292 520 Duo
307 481 427 521 afferuntur
444 482 484 522 loci
499 483 524 522 ad
542 482 595 522 illud
612 481 802 523 demonstrandum
817 478 948 534 (Wetstein,

59 547 176 602 Wiinsche)
183 547 255 600 :prior
264 560 290 589 ex
303 550 386 600 largum
398 548 423 588 ad
434 548 492 587 Cant.
503 547 550 595 ait>
559 545 607 599 (vox
615 548 707 587 turturis
716 559 757 587 vox
766 543 856 600 Spiritus
866 548 940 601 sancti)

59 613 96 653 sed
109 623 158 652 cum
168 612 222 653 istud
234 616 318 665 tergum
329 613 392 664 longo
402 613 497 663 tempore
507 613 555 662 post
565 610 688 651 absolutum
701 611 783 651 talmud
796 612 823 651 sit
837 613 943 665 conserip-

58 680 112 726 tum,
120 689 160 730 pro
170 680 265 730 tempore
278 677 359 718 saeculi
369 675 432 729 primi
445 675 498 715 nihil
510 676 580 727 potest
593 674 678 716 confici.
690 676 747 717 Alter
759 676 817 717 locus
829 679 894 717 estex
906 677 943 717 tal-

64 747 127 787 mude
137 746 232 800 (chagiga
242 746 275 800 lb)
284 734 387 799 :spiritus
397 747 435 787 Dei
448 747 555 788 ferebatur
566 758 631 798 super
640 758 705 798 aquas
715 746 770 787 sicut
779 747 878 787 columba
887 757 943 797 quae

64 813 168 852 incumbit
175 813 240 864 pullis
251 813 302 852 suis.
309 813 389 852 Verum
398 812 434 852 lid.
444 813 451 852 Ι
460 825 481 864 p.
489 812 526 852 ⁶287
536 812 630 852 ostendit
638 812 746 852 verbailla
754 805 797 851 non
808 811 878 851 alterni
890 811 944 852 inte·

64 878 294 929 gra3comparationem
302 889 345 917 non
353 889 399 918 esse
410 877 596 930 iuterSpiritumet
603 878 733 925 columbam,
741 877 778 917 sed
789 877 829 918 dici
839 876 943 928 Spiritum

64 942 113 983 ferri
126 955 189 995 super
199 955 264 995 aquas
276 938 387 984 inferiores
399 942 458 997 (Gen.
471 944 511 996 ίῇί)
523 955 587 996 quam
598 943 705 996 proxime,
716 946 738 984 at
748 954 782 983 eas
794 955 836 983 non
848 945 941 996 tangere,
1006 994 1008 998 ι
1040 986 1042 989 ,

64 1009 118 1049 sieut
128 1009 225 1049 columba
235 1009 324 1049 incubet
332 1008 395 1061 pullis
406 1021 449 1059 non
459 1009 602 1062 eos'taugens,
611 1009 699 1061 insuper
709 1009 731 1049 in
739 1009 784 1049 loco
795 1009 836 1049 alio
846 1020 888 1048 non
899 1008 942 1061 legi

63 1074 189 1124 columbam,
201 1074 237 1113 sed
247 1086 318 1114 avem.
331 1074 399 1121 Quare
412 1075 481 1114 omnis
493 1075 535 1113 iam
547 1074 642 1126 disparet
657 1075 740 1126 species
754 1075 837 1114 veteres
850 1074 941 1115 iudaeos
1005 1065 1012 1076 ”

63 1139 165 1190 Spiritum
178 1151 194 1179 s.
209 1139 307 1190 symbolo
322 1139 431 1179 columbae
441 1139 567 1179 exhibuisse.
579 1139 639 1179 Adde
653 1139 711 1189 quod
725 1139 817 1179 alienum
832 1142 864 1181 est
877 1143 939 1181 avet.
969 1132 974 1141 '¹

63 1206 110 1244 test.
117 1204 175 1244 libris
183 1205 249 1244 Deum
256 1204 413 1256 repraesentari
421 1204 517 1256 symbolo
528 1204 616 1244 alicuius
625 1203 730 1244 animalis.
740 1204 798 1244 Unde
808 1205 866 1245 nullo
879 1209 940 1257 pacto
963 1250 965 1254 ,
1016 1194 1018 1199 Α

62 1269 126 1312 asseri
136 1270 204 1320 potest
214 1269 361 1309 narrationem
372 1281 396 1309 ex
407 1269 541 1321 opinionibus
550 1269 679 1309 Iudaeorum
690 1269 768 1310 ducere
779 1270 890 1321 originem.
986 1271 987 1274 ’

89 1335 141 1376 Cum
147 1336 228 1375 Marcus
239 1334 319 1374 omissa
328 1335 450 1375 narratione
458 1335 483 1375 de
493 1335 604 1375 nativitate
613 1336 663 1375 lesu
672 1334 877 1387 evangeliumsuum
887 1336 941 1376 inci·
985 1381 986 1384 Ἴ

61 1401 106 1452 piat
113 1411 125 1440 a
132 1399 288 1452 praedicatione
299 1399 410 1451 baptismi,
421 1400 493 1451 aliqui,
502 1400 534 1439 uti
543 1399 644 1440 Vollmrar
654 1400 811 1448 concluserunt,
818 1400 884 1441 fuisse
894 1402 940 1454 opi·

61 1467 147 1506 nionem
154 1465 327 1516 antiquissimam
336 1465 407 1506 Iesum
418 1465 440 1504 in
452 1466 558 1516 baptismo
567 1465 655 1516 demum
667 1477 713 1505 esse
722 1465 829 1518 repletum
840 1477 852 1505 a
862 1466 941 1518 Spiritu

61 1533 133 1571 sancto
144 1533 164 1570 et
173 1531 270 1571 ellectum
282 1530 352 1570 lilium
360 1530 399 1569 Dei
410 1542 434 1580 eo
445 1530 557 1582 modoque
566 1530 717 1582 unusquisque
724 1542 763 1583 per
770 1530 871 1582 Spiritum
880 1532 940 1572 reddi

60 1596 194 1651 possitiilius
204 1596 272 1635 Dei'et
282 1595 305 1634 in
314 1596 419 1647 baptismo
431 1596 518 1635 demum
528 1597 597 1636 Iesum
609 1596 650 1635 sibi
661 1597 773 1647 conscium
785 1597 882 1637 effectum
894 1591 939 1637 esse
991 1647 992 1650 Ἴ

60 1661 176 1702 vocationis
191 1673 240 1701 suae
255 1659 374 1701 messianae
387 1659 420 1713 (ci.
431 1659 564 1713 Holtamenu,
577 1660 676 1713 Handc.).
691 1661 759 1707 Quare
773 1662 899 1702 relationem
912 1663 938 1703 de

60 1726 166 1779 baptismo
175 1726 230 1779 apud
241 1726 295 1766 alios
306 1726 344 1777 qui
354 1726 380 1767 de
387 1728 489 1778 conceptu
499 1729 519 1766 et
527 1726 639 1780 nativitate
648 1727 803 1778 supranaturali
810 1719 936 1775 narrassent,

60 1792 147 1832 omnino
152 1802 222 1832 carere
230 1791 393 1843 significatione.
399 1784 656 1841 Atcumtamenrelerant,
663 1791 853 1831 debueruntcritici
861 1791 938 1833 inferre

60 1856 454 1913 suampotiusinterpretationemesse
462 1868 579 1897 erroneam.
585 1856 627 1896 Sed
633 1868 671 1896 cur
677 1857 823 1897 Iesusvenerit
829 1857 855 1897 ad
863 1858 940 1910 baptis-

60 1934 119 1964 mum
129 1924 195 1978 etcur
205 1921 804 1977 manifestatioillacoelestisacdeclaratiofaetasil,non
813 1924 844 1963 est
854 1922 939 1964 difficile
1004 1935 1034 1956 0
1080 1930 1081 1933 ’

61 2000 85 2029 ex
93 1989 139 2039 ipso
151 1988 260 2039 evangelio
275 1998 350 2028 eruere
363 1987 419 2041 (vide
432 1987 568 2041 Commeat).
579 1987 696 2039 Perperam
710 1999 795 2040 quoque
811 1989 939 2040 supponitur

31 2106 33 2110 .
60 2055 152 2094 Marcum
160 2064 207 2093 cum
214 2053 240 2093 de
247 2054 297 2093 lesu
304 2052 413 2094 nativitate
419 2053 472 2093 nibil
479 2053 561 2101 referat,
570 2052 635 2093 etiam
643 2052 690 2097 eius
700 2052 794 2093 nescisse
802 2044 937 2105 mysterium.

60 2121 87 2160 Ut
99 2118 140 2158 alia
154 2118 244 2166 mittam,
256 2118 280 2158 in
294 2118 403 2170 evangelio
415 2114 478 2158 Marci
493 2120 541 2158 ante
551 2118 682 2169 baptismum
698 2118 746 2158 Iesu
761 2117 805 2158 eius
820 2109 939 2160 declaratur

59 2187 134 2224 natura
141 2183 199 2223 omni
205 2183 298 2223 humana
307 2183 398 2223 altiorac
405 2183 477 2223 divina
485 2183 508 2222 in
517 2183 563 2235 ipsa
569 2182 817 2234 praedicationeloannis
823 2184 856 2232 t,3
863 2187 938 2235 parate

60 2250 116 2290 viam
126 2249 198 2297 lalive3
206 2247 307 2296 'Livenit
316 2248 391 2288 fortior
400 2260 433 2288 me
443 2250 542 2300 postme;
553 2248 586 2295 l,8
593 2248 710 2298 baptizabit
719 2258 756 2287 vos
766 2247 844 2298 Spiritu
856 2251 936 2299 sancto.

345 2445 363 2482 5.
380 2440 468 2482 Obrtstus
483 2442 565 2482 terebatur
578 2443 654 2490 etl-11.

86 2572 102 2612 4,
113 2571 128 2604 l.
139 2571 247 2604 Tunclesus
253 2570 320 2603 (luctus
327 2570 356 2602 est
364 2570 383 2602 in
394 2569 486 2603 desertum
536 2569 551 2610 l,
562 2568 577 2602 1.
589 2565 631 2601 Τότε
645 2564 710 2609 Ἰησοῦς
721 2564 787 2612 ἀνήχθη
799 2564 858 2610 sterila
871 2565 932 2614 ἔρημον

63 2639 74 2664 a
85 2631 162 2673 Spiritu,
174 2629 193 2663 ut
204 2630 309 2662 tentaretur
319 2625 333 2661 a*
344 2628 424 2662 diabolo.
437 2629 453 2662 2.
464 2628 486 2661 Εῖ
508 2624 541 2661 ’ὕπο
548 2627 577 2660 τοῦ
585 2626 677 2672 πνεύματος
687 2625 793 2671 πειρασθῆναι
800 2625 829 2661 ὐπὸ
839 2628 867 2660 τοῦ
876 2626 934 2661 διαδό-

63 2700 104 2724 eum
122 2690 223 2723 ieiunasset
240 2687 367 2730 quadraginta
386 2687 451 2721 diebus
468 2690 486 2721 et
511 2685 551 2728 lou,
563 2686 580 2719 2.
591 2684 619 2719 καί
635 2684 725 2729 νηστεύσας
736 2684 797 2730 ἡμέρας
811 2686 933 2731 τεσσαράκοντα

63 2748 290 2792 quadragintanoctibus,
305 2735 372 2789 postea
385 2747 484 2781 esuriit-3.
510 2743 538 2778 καὶ
544 2744 601 2782 νύκτας
607 2742 731 2788 τεσσαράκοντα
740 2741 807 2789 ὕστερον
815 2742 905 2779 ἐπείνασεν.
914 2747 930 2780 3,

63 2809 86 2842 Εῖ
99 2809 188 2844 accedens
202 2809 283 2842 tentator
298 2807 345 2839 dixit
355 2808 373 2840 ei
383 2814 386 2838 :
397 2807 413 2839 si
428 2807 485 2840 Filius
510 2802 536 2837 καί
545 2801 641 2849 προσελθὼν
651 2801 660 2834 ὁ
669 2802 749 2849 πειράζων
761 2800 806 2838 εἶπεν
817 2803 866 2850 αὐτῷ·
879 2802 933 2845 aaa

62 2868 96 2903 Dei
107 2866 135 2910 θα,
145 2868 174 2902 (lto
183 2867 285 2910 ut'lapides
295 2867 326 2899 isti
336 2874 394 2908 panas
404 2865 454 2899 fiant.
467 2865 483 2898 4,
509 2858 525 2894 εἷ
534 2863 562 2895 τοῦ
572 2858 620 2903 θεοῦ,
632 2858 666 2896 εἰπὲ
675 2859 704 2895 ἵνα
713 2861 729 2895 ol
738 2860 782 2896 λίθοι
792 2859 837 2897 οὗτοι
846 2862 891 2908 ἄρτοι
903 2864 932 2910 γέ·
977 2859 979 2862 ’

63 2926 98 2966 am
115 2924 228 2970 respondens
244 2928 293 2961 dixit
308 2935 312 2958 :
330 2928 419 2969 scriptum
434 2927 462 2959 est
479 2932 482 2957 :
509 2931 575 2956 νωνται.
587 2922 603 2957 t.
617 2919 626 2954 ὁ
640 2919 658 2955 δὲ
671 2918 763 2967 ἀποκριθεὶς
772 2919 824 2957 εἶπεν·
835 2922 931 2969 γέγραπται·

61 2993 99 3018 non
115 2986 134 3018 in
147 2986 186 3019 solo
204 2994 252 3028 pane
269 2986 316 3019 vivit
332 2985 398 3025 bomo,
416 2984 448 3017 sed
465 2985 484 3017 in
508 2979 537 3014 oiri.
547 2979 571 3031 ἐρ’
580 2980 624 3029 ἄρτῳ
638 2980 685 3028 μόνῳ
694 2980 880 3029 ζήσεταιὸἄνῦρωαος,
891 2981 932 3017 ἀλλ’

62 3045 111 3077 omni
120 3045 176 3078 verbo
184 3044 232 3087 quod
242 3044 328 3087 procedit
337 3044 360 3077 de
370 3051 402 3077 ore
413 3044 453 3077 Dei.
466 3043 482 3077 5.
508 3039 534 3076 ἐπί
543 3040 591 3076 παντί
601 3040 664 3089 ῥήματι
672 3039 795 3089 ἐκπορευομένῳ
812 3041 838 3076 aa
853 3042 932 3089 στόματος

61 3091 220 3146 Trincassumpsit
229 3113 271 3137 eum
281 3098 367 3137 diabolus
374 3105 393 3137 in
401 3104 483 3137 sanctam
508 3099 555 3138 Θεοῦ,
569 3096 586 3136 5.
601 3101 640 3139 πότε
651 3100 779 3148 παραλαρὸαίνει
795 3101 843 3136 αὐτὸν
856 3101 932 3151 ebraldo·

61 3162 153 3196 civitatem
163 3165 181 3197 et
195 3163 258 3196 statuit
268 3171 312 3196 eum
323 3172 378 3205 super
393 3164 484 3205 pinnaou-
507 3154 536 3201 λος
546 3160 567 3201 εἰς
574 3158 604 3206 τὴν
614 3160 664 3208 ἁγίαν
672 3159 719 3197 πόλιν
730 3160 759 3196 καί
769 3161 836 3206 ἔστησεν
845 3154 893 3198 ababa
906 3162 931 3198 ἐπὶ
