2239 3511
82 222 84 227 ,
151 177 188 219 na
458 159 459 162 ’
512 186 586 215 aaran.
602 176 621 224 a,
639 177 672 216 ar.

178 275 232 316 aliis
250 274 326 329 placuit
336 286 438 323 moneres
449 285 498 314 cum
510 274 547 314 fiat
563 285 631 314 sermo
648 274 674 314 de
689 276 755 315 aetate
771 277 889 327 pubertatis
899 275 1029 328 incipientis,

151 341 243 393 puellam
256 338 370 393 lethargica
384 337 512 393 (veternosa)
523 340 614 391 quadam
624 332 691 379 animi
704 339 822 381 deiectione
831 341 898 408 pfuisse
913 330 1030 393 correptam

152 409 171 446 ot
181 407 260 446 attactu
271 417 331 447 manu
343 407 393 446 Iesu
404 405 436 446 sui
446 405 553 446 consciam
563 406 661 460 effectam
673 404 706 459 (cl.
717 404 827 460 Hatram).
1040 454 1041 458 Ἰ

176 471 251 523 Neque
261 471 302 512 ulla
310 466 366 512 ratio
377 471 436 512 reddi
446 473 524 523 potest,
537 483 574 511 cur
584 471 700 512 narrationi
711 471 821 513 inchoatae
830 472 869 512 alia
879 472 986 519 inseratur
995 483 1029 511 re-

140 535 199 576 ·'latio
211 536 238 577 de
249 537 335 579 muliere
347 549 402 590 quae
414 538 494 578 fluxum
509 537 616 589 sanguinis
629 537 715 589 patitur.
727 537 757 585 lta
770 538 826 590 apud
839 533 882 577 aas
894 536 1026 590 synopticos;

102 619 104 623 ¹
150 601 179 641 ita
189 613 240 654 ergo
249 614 273 643 ex
285 617 294 640 a
305 603 364 644 tonte
375 603 492 656 apostolico
504 617 514 640 a
526 602 641 654 etquidem
651 602 766 644 secundum
776 603 915 645 traditionem
925 602 1029 655 petrinam

151 665 246 721 (Weiss).
259 668 279 709 Si
294 671 382 710 eventus
395 669 484 710 refertur
499 667 535 720 qui
548 680 596 710 vere
609 671 682 720 gestus
696 669 728 716 sit,
744 668 765 709 id
779 669 878 709 facillime
891 668 1026 720 intelligitur;
1045 670 1049 675 “

150 732 171 771 in
184 734 243 773 omni
254 734 294 774 alia
304 734 410 775 sententia
424 735 532 775 eiusmodi
543 734 667 786 interruptio
677 737 709 775 est
720 734 807 775 omnino
819 734 908 784 absona;
922 736 943 774 et
956 735 1028 773 tamen
1074 744 1076 748 ’

112 808 116 817 ”
150 809 175 850 ea
184 801 305 840 constanter
315 799 372 852 iacta
383 802 414 842 est
422 800 443 840 in
450 802 521 853 prisca
531 791 697 852 praedicatione,
708 800 738 841 aa
747 801 835 841 atrihus
844 799 961 852 synopiiois
971 798 1027 845 exhi-

151 863 220 903 betur.
232 865 370 906 Sanctionem
381 865 474 905 mulieris
487 875 542 917 quae
555 866 622 904 subito
635 866 690 905 facta
700 867 731 906 est
741 866 810 917 aliqui
820 865 944 911 adscribunt
953 864 1026 904 terrori

151 927 265 983 (Amnron),
282 930 315 970 vel
333 941 422 982 magnae
436 929 503 970 animi
521 929 641 970 excitationi
659 929 788 984 (Schenkel),
800 931 833 971 vel
850 931 894 982 spei
909 930 1026 970 ‚vehemen-

148 993 257 1045 tissimae‚
276 995 335 1036 cuius
359 996 381 1036 vi
404 996 497 1048 corporis
521 985 597 1047 organa
619 996 737 1036 confortata
759 991 808 1036 sint
823 994 907 1049 (Keim).
922 994 964 1036 Sed
980 995 1026 1047 quis

150 1059 221 1101 credet
243 1061 307 1111 talem
327 1062 427 1102 morbum
447 1050 499 1102 adeo
523 1061 648 1102 diuturnum
672 1062 716 1102 sola
737 1061 806 1102 animi
830 1060 940 1101 allectione
966 1060 1027 1101 vehe-

82 1138 85 1140 ·
149 1126 215 1166 manti
233 1139 293 1179 posse
310 1126 401 1167 auferri?
413 1130 437 1168 ut
451 1127 528 1167 tollant
542 1127 676 1175 miraculum,
692 1127 759 1180 maius
777 1130 871 1168 statuunt
887 1126 1024 1178 miraculum,

150 1191 193 1239 soil.
205 1194 230 1232 ut
247 1193 333 1233 effectus
353 1192 439 1233 exsistat
455 1193 502 1233 sine
521 1204 583 1232 causa
601 1191 724 1245 adaequata.
736 1193 806 1245 Atque
823 1193 910 1245 insuper
927 1203 1025 1244 quaerere

149 1248 243 1310 oportet,
258 1258 364 1298 undenam
382 1258 458 1298 mulier
470 1269 532 1311 spem
546 1258 596 1298 adeo
612 1258 697 1299 firmam
711 1258 833 1310 conceperit
845 1259 877 1298 vel
887 1269 926 1298 cur
936 1260 979 1297 tam
990 1270 1026 1310 po-

148 1324 201 1364 tenti
220 1326 241 1363 et
257 1324 334 1364 efficaci
351 1324 417 1363 animi
432 1324 590 1376 exspectatione
605 1323 631 1363 ad
648 1324 719 1364 lesum
732 1323 963 1364 accesserit‘lProfecto
976 1323 1025 1380 quia

149 1389 212 1429 scivit
222 1390 264 1429 iam
277 1389 383 1442 plurimas
400 1390 520 1429 sanationes
534 1400 578 1429 esse
593 1389 665 1429 alosa
679 1390 768 1429 effectas.
781 1389 888 1436 Quomodo
905 1388 962 1429 enim
973 1389 1024 1429 alias

84 1443 87 1449 ’
149 1456 211 1495 talem
226 1455 329 1506 potuisset
343 1454 443 1495 fiduciam
460 1440 534 1495 animo
549 1452 668 1506 'concipere⁷
682 1458 706 1494 ut
718 1455 761 1494 solo
771 1445 856 1494 attactu
869 1454 964 1494 fimbriae
978 1465 1024 1494 ,ves-

149 1520 234 1560 timenti
255 1519 298 1560 eius
311 1530 333 1559 se
351 1521 450 1560 sanatum
465 1520 490 1559 iri
508 1521 604 1575 putaret?
619 1520 692 1571 ltaque
707 1520 771 1559 talem
788 1519 887 1559 fiduciam
904 1520 950 1559 sine
966 1531 1025 1570 prae-

147 1585 186 1625 viis
203 1583 311 1626 miraculis
329 1585 385 1625 velle
407 1586 510 1637 explicare
532 1585 607 1625 iterum
629 1587 663 1624 est
684 1585 751 1625 maius
773 1587 864 1625 statuere
884 1584 1022 1634 miraculum,

148 1651 249 1692 exsistere
274 1650 373 1691 ellectum
396 1649 441 1690 sine
460 1662 525 1691 causa
548 1650 673 1690 sufficienti
688 1651 800 1691 Praeterea
822 1650 1024 1702 origo'narrationis

147 1716 194 1757 talis
204 1715 281 1767 nequit
291 1715 403 1765 declarare
411 1716 462 1756 nihil
472 1715 532 1757 enim
541 1716 608 1756 simile
619 1715 724 1768 reperitur
732 1716 754 1755 in
762 1718 807 1756 vet.
818 1717 877 1763 test.;
887 1715 937 1755 talis
947 1716 1024 1756 mulier

95 1786 97 1790 ’
147 1782 264 1822 habebatur
275 1781 386 1821 immunda
396 1782 451 1833 apud
461 1782 560 1822 ludaeos.
572 1782 627 1828 Quae
641 1777 686 1821 erat
695 1781 752 1821 notio
763 1783 786 1821 et
799 1781 929 1831 exspectatio
944 1780 1024 1820 iudaice

148 1847 172 1887 de
188 1846 271 1894 nessia,
283 1857 345 1886 nemo
360 1846 479 1886 existimare
494 1848 577 1898 poterat
591 1846 617 1887 ad
631 1847 721 1897 gloriam
735 1846 824 1886 Messiae
839 1846 955 1897 pertinere,
967 1848 1023 1897 quod

148 1913 172 1952 ab
183 1911 296 1951 immunda
306 1913 429 1963 tangeretur
438 1912 468 1952 vel
480 1911 537 1963 quod
549 1910 652 1951 eiusmodi
664 1913 762 1951 attactum
775 1910 839 1951 laude
850 1913 870 1950 et
879 1911 977 1951 mercede
987 1912 1023 1952 do·

146 1981 211 2017 naret.

175 2132 256 2190 Fidem
271 2131 295 2175 in
310 2134 383 2175 lesum
399 2134 517 2190 tamquam
533 2132 631 2183 llessiam
644 2130 737 2174 excitari
749 2135 853 2190 coeptam
862 2147 910 2176 esse
921 2133 1022 2190 sequenti

31 2223 32 2226 ¹
93 2262 98 2265 μ
146 2202 275 2247 ostenditur
289 2202 428 2257 narratione,
443 2217 488 2261 qua
504 2201 571 2246 simul
586 2216 674 2246 novum
688 2201 850 2245 miraculorum
865 2217 938 2260 genus
952 2207 1021 2247 alosa

145 2276 262 2334 patratum
277 2274 394 2318 inducitur
409 2276 476 2333 atque
491 2274 577 2317 iterum
592 2272 647 2316 fidei
661 2272 685 2316 iu
698 2277 745 2317 lesu
758 2273 885 2333 potentiam
900 2266 1021 2319 necessitas

146 2346 331 2401 commendatur;
345 2359 405 2404 quae
418 2344 461 2389 tria
475 2344 570 2389 omnino
585 2343 651 2388 adid
666 2344 726 2403 quod
736 2345 859 2389 llatthaeus
873 2347 960 2405 spectat
970 2361 1021 2390 con-

145 2418 251 2472 veniuni3
262 2433 282 2461 v.
294 2421 321 2460 27
332 2425 354 2460 ct
368 2424 499 2460 transeunte
514 2414 568 2458 aaa
578 2417 628 2459 Iesu
639 2414 712 2460 sectati
721 2424 774 2458 stant
784 2430 836 2459 cacat
847 2415 889 2460 daco
904 2415 967 2460 caeci
975 2417 996 2460 cl
1011 2444 1019 2450 -

145 2496 232 2532 attactas
247 2495 268 2531 et
277 2486 375 2530 dicentes
387 2486 506 2530 :artocreae
517 2486 595 2540 nostri,
604 2484 641 2543 flii
651 2484 737 2529 nacta!
748 2486 869 2531 audierant
877 2482 913 2531 xde
922 2486 1020 2533 miracu-

144 2560 170 2603 lis
181 2562 242 2613 lesu;
258 2575 268 2599 c
277 2572 351 2616 neque
361 2572 444 2617 parurn
454 2557 533 2602 ludaei
543 2557 596 2601 inde
608 2558 731 2616 culpantur
742 2557 805 2617 quod
814 2557 839 2602 hi
853 2558 936 2618 quibus
946 2560 1020 2606 nullus

111 2683 112 2686 Ἰ
144 2630 265 2674 oculorum
280 2644 332 2674 usus
348 2631 407 2683 erar,
418 2644 449 2689 ¹ex
464 2627 545 2674 auditu
560 2628 606 2673 solo
621 2628 691 2673 fidem
708 2629 808 2689 amplexi
821 2633 879 2685 sunt,
893 2629 929 2675 illi
945 2634 1019 2677 autem

143 2701 258 2746 miracula
270 2701 372 2746 videntes
389 2715 415 2758 ac
426 2703 493 2745 testes
509 2700 618 2745 habentes
631 2700 694 2760 ipsos
704 2701 780 2745 oculos
789 2704 869 2745 contra
879 2716 950 2761 quam
961 2704 1020 2748 caeci

144 2772 231 2817 iaciunt
242 2791 252 2813 a
268 2772 299 2832 (S.
313 2771 415 2832 Chrys.);
427 2772 461 2816 ilii
474 2774 571 2831 insuper
583 2773 673 2818 vultum
686 2772 775 2817 Domini
787 2788 813 2817 ec
826 2772 968 2817 maiestatem
978 2775 1019 2819 ali-

145 2843 196 2902 quid
212 2858 281 2903 super
298 2844 416 2888 hominem
432 2845 557 2904 spirantem
572 2843 680 2889 continuo
695 2844 812 2898 viderunt,
829 2844 889 2902 quod
899 2845 961 2890 caeci
973 2861 1019 2892 non

144 2917 258 2973 poterant.
271 2915 295 2958 lli
306 2919 383 2960 autem
395 2915 485 2961 miseria
496 2915 568 2976 pressi
580 2920 602 2961 et
613 2915 767 2960 desiderantes
777 2915 919 2961 sanationem
931 2916 1019 2963 facilius

143 2985 212 3029 fidem
230 2985 350 3044 arripiunt.
372 2991 446 3032 lesum
460 2990 539 3048 aperte
553 2987 652 3033 Messium
670 2989 762 3041 vocant;
778 2989 929 3047 nequeenim
944 2988 1019 3047 filicem

142 3056 219 3101 David
234 3057 351 3116 appeliant
365 3059 516 3116 quasi'unum
529 3059 635 3118 exstirpe
647 3057 749 3102 davidica
763 3060 803 3119 qui
817 3060 859 3104 hoc
873 3075 1019 3105 nemeaeum
1036 3074 1038 3078 ’

141 3128 247 3187 pluribus
260 3128 343 3173 lrabeat
359 3143 485 3184 commune,
498 3130 539 3174 sed
551 3129 643 3174 nominc
658 3131 752 3175 utuntur
762 3147 788 3176 ao
799 3131 956 3189 designatione
966 3135 1019 3178 llos·
