2211 3575
175 221 176 224 ¹
207 240 232 269 nu
246 238 333 274 rariora
348 235 494 267 courosmcnis
509 232 534 264 ur
549 214 603 264 nouo
618 235 723 277 serrarum
737 236 754 265 s.
770 236 883 266 ratramni.
959 225 984 264 19

109 338 161 383 dem
168 333 322 390 llcrgenland.
329 330 476 389 llarginalien
485 330 680 376 undllaterialien
688 335 753 387 1893,
763 336 791 376 72
801 331 838 391 ss),
848 346 901 376 curn
908 330 984 375 omnia

47 442 49 446 Α
66 407 80 411 ”
108 408 194 468 optime
210 404 251 448 fini
264 406 286 447 61
301 402 386 447 rationi
401 392 519 465 Evangelii
532 406 665 457 consonent,
680 402 826 448 manifestum
843 406 884 457 est,
905 415 995 446 omnes

108 480 202 525 conatus
212 490 238 518 ex
247 473 284 518 his
298 473 396 518 textibus
417 473 506 532 aliquos
519 476 545 518 ut
556 473 651 532 ,spurios
667 474 803 527 eliminandi
818 489 865 518 esse
885 472 983 519 arbitra·

107 549 161 594 rios.
178 547 205 591 Gt
212 547 300 590 Decret.
313 539 481 588 Commissicnis
491 543 520 587 de
532 546 565 588 Re
580 543 675 589 Biblica.

93 661 94 665 ,
136 621 178 662 Vll.
196 619 277 661 Utrum
296 614 415 677 speciatim
430 613 504 659 solido
518 614 672 659 fundamento
689 615 811 667 destitutae
828 615 915 664 censeri
932 615 982 660 iure

107 689 206 735 debeant
219 685 338 746 opiniones
352 700 439 741 corum,
451 684 491 744 qui
507 684 532 729 in
546 685 767 731 dubiumrevocant
784 686 982 731 authenticitatem

37 767 38 770 ’
75 798 76 802 ,
106 759 240 805 historicam
254 756 352 801 ducrum
360 756 465 816 priorum
475 754 622 817 capitumjin
632 756 716 816 quibus
724 756 861 815 genealogia
874 761 896 802 61
906 757 982 802 infan·

106 830 138 874 tia
154 828 235 873 Christi
249 831 380 884 narrantur,
396 827 454 873 sicut
470 830 492 872 et
509 827 665 887 quarumdam
678 829 702 871 in
718 843 743 872 re
759 827 889 886 dogmatica
903 828 981 886 nragui

49 944 50 947 ,
69 940 71 944 ,
105 899 216 944 momenti
224 898 397 956 sententiarum,
407 898 442 944 uti
450 901 505 944 sunt
513 897 569 943 illae
581 913 640 958 qnae
650 898 778 959 respiciunt
787 899 913 959 primatum
921 898 981 944 Petri
1030 941 1031 944 ,

57 1000 59 1005 ·
106 970 151 1030 [Mc
164 974 199 1024 16,
213 971 297 1028 17-19),
310 970 407 1015 formam
420 969 554 1030 baptizandi
567 984 620 1015 cum
633 969 758 1015 universali
771 971 876 1016 missione
889 969 980 1030 praedi-

105 1040 172 1085 candi
180 1039 294 1100 Apostolis
303 1041 412 1085 traditam
423 1041 465 1099 (Mc
477 1045 555 1095 28‚19.
567 1040 605 1100 20)
617 1040 786 1100 professionem
796 1042 850 1088 fidei
859 1040 981 1100 Apostolo-

105 1125 156 1155 rum
167 1111 192 1155 in
200 1111 345 1156 divinitatem
355 1112 437 1156 Christi
450 1111 492 1170 (Ml
503 1111 588 1171 thiat),
601 1114 624 1155 et
634 1107 680 1156 alia
691 1111 832 1168 lmius‘modi‚
847 1126 905 1171 quae
919 1111 981 1170 apud

104 1182 240 1227 hetthaeum
254 1181 371 1243 peculiari
379 1182 447 1240 modo
465 1181 585 1232 enuntiata
598 1182 737 1228 occurrunt?
749 1184 815 1241 Respa.
825 1182 977 1227 Alfirmative.

68 1297 70 1299 ,
106 1252 261 1298 Derrzttalat.
561 1252 562 1255 ’
630 1246 632 1253 ’

137 1417 174 1451 lv.
188 1401 255 1450 —VDe
268 1389 355 1451 ratione
369 1415 534 1461 compositionis
548 1415 570 1449 et
584 1416 647 1449 modo
661 1412 775 1450 scribendi
789 1416 809 1451 S.
824 1415 943 1451 Matthaei.

135 1555 155 1595 1.
170 1556 272 1610 linquae
286 1552 314 1595 de
326 1552 371 1595 fine
386 1555 408 1595 et
418 1552 506 1596 unitate
522 1551 592 1610 primi
607 1550 727 1611 Evangelii
744 1549 845 1610 exposita
858 1554 911 1596 sunt
924 1551 979 1595 insi-

97 1625 185 1676 nuant,
201 1625 318 1667 auctorem
334 1621 404 1666 finem
420 1622 463 1666 sihi
481 1621 625 1680 propositum
643 1620 672 1665 ab
689 1620 755 1665 initio
772 1622 889 1680 usquead
908 1623 979 1666 finem

104 1692 159 1741 libri
169 1692 198 1735 ch
211 1692 288 1736 oculos
299 1692 406 1738 hahuisse
417 1696 438 1736 et
446 1706 481 1735 res
490 1691 554 1751 ipsas
564 1691 619 1735 huic
632 1691 676 1736 lini
687 1691 857 1736 subordiuasse.
869 1693 978 1743 Quamvis

104 1762 166 1807 enim
180 1760 281 1805 narratio
290 1761 385 1819 incipiat
396 1761 425 1805 ab
436 1760 533 1805 infantia
547 1760 631 1805 Christi
644 1763 667 1804 et
679 1759 831 1805 concludatur
841 1761 889 1806 eius
901 1776 978 1807 resur-

103 1831 203 1875 'rcctione
219 1835 240 1875 et
257 1830 367 1875 missione
383 1829 549 1890 apostolorum⁷
563 1829 719 1887 Evangelium
733 1844 780 1874 non
801 1822 934 1875 dicendum
946 1834 979 1876 est
998 1852 999 1855 ¹

103 1900 152 1944 6116
164 1899 256 1953 Cicirri,
268 1915 326 1963 quae
339 1902 416 1944 narret
427 1899 562 1944 historicum
574 1898 696 1967 decursum
710 1913 797 1960 rerum.
813 1903 901 1946 Revera
909 1900 982 1945 facile·
1042 1915 1044 1920 ⁴

104 1970 248 2026 cognoscitur
260 1971 310 2013 tum
328 1969 378 2028 ipsa
391 1969 448 2013 lacta
461 1972 510 2012 tum
524 1982 643 2012 sermones
656 1967 750 2012 consilio
761 1968 914 2014 determinato
931 1985 978 2015 esse

83 2079 85 2083 ,
104 2040 235 2099 composita.
254 2040 318 2091 Quod
337 2055 364 2084 cx
383 2040 553 2099 comparatione
568 2054 622 2084 cum
638 2038 689 2083 aliis
706 2040 837 2098 Evangeliis
853 2041 994 2101 synopticisv

104 2112 256 2156 demonstrari
274 2114 354 2171 potest,
370 2112 410 2155 etsi
425 2107 488 2156 forte
497 2125 529 2155 ex¹
544 2112 655 2156 Matthacc
668 2110 717 2155 solo
732 2111 758 2156 in
770 2111 910 2171 quibusdam
925 2123 978 2158 cum

57 2192 59 2197 ’
104 2182 240 2227 certitudine
254 2182 343 2237 ostendi
356 2197 401 2226 non
415 2182 493 2241 possit.
648 2189 650 2195 ‘
906 2176 907 2180 ¹

132 2256 193 2297 Hanc
206 2255 283 2297 autem
294 2253 466 2311 inquisitionem
481 2252 509 2296 de
524 2251 691 2311 compositione
705 2255 727 2295 et
739 2252 808 2296 modo
822 2253 939 2298 scribendi
951 2257 978 2298 ut

102 2324 204 2383 priorem
213 2323 242 2367 de
249 2323 294 2366 fine
304 2323 423 2380 Evangelii
431 2337 479 2366 non
486 2336 739 2382 supervacaneam-esse
748 2325 820 2382 patet.
829 2327 905 2383 Neque
915 2324 976 2369 enim

103 2395 177 2439 solum
195 2393 259 2446 iuuat
277 2393 395 2454 adipsum
411 2396 444 2438 Eo
464 2392 546 2438 melius
564 2392 758 2451 intellegendum,
775 2393 816 2437 sed
835 2408 976 2454 magnopere

102 2466 197 2510 inservit
210 2465 384 2530 difficultatibus
400 2467 422 2509 61
436 2464 511 2510 dubiis
524 2479 583 2524 quae
596 2464 667 2508 hodie
680 2464 766 2523 passim
780 2468 859 2509 contra
872 2470 977 2511 nostrum

105 2538 136 2579 Eo
156 2535 242 2579 eteius
261 2535 420 2580 arrctoritatem
439 2535 589 2595 apostolicam
613 2536 764 2594 proferuntur
784 2536 905 2592 solvendis,
923 2551 977 2582 nam

102 2619 169 2663 saepe
186 2605 313 2664 procedunt
332 2621 358 2650 ex
376 2606 439 2651 lalsis
455 2605 578 2666 suppositis
594 2609 618 2650 et
636 2606 681 2650 fine
700 2606 760 2650 male
777 2610 906 2665 perspecto.
924 2610 976 2671 llat-

102 2676 198 2721 thaeum
209 2691 264 2720 vcro
278 2692 325 2720 non
338 2692 428 2736 semper
441 2676 505 2737 sequi
518 2676 625 2721 ordinem
640 2676 839 2732 chronologicum,
850 2677 977 2735 quamvisa

102 2746 218 2807 ueteribus
235 2761 280 2791 uon
300 2751 347 2792 tam
367 2748 427 2792 clare
447 2748 591 2793 enuntiatum
610 2748 645 2802 sit,
662 2746 782 2799 lrodieah
803 2746 910 2792 omnihus
930 2748 976 2792 lere

102 2817 219 2861 catholicis
234 2818 371 2875 agnoscitur.
387 2820 413 2863 Gt
427 2823 490 2863 11666.
504 2834 526 2863 n.
538 2821 572 2862 VI.
589 2836 600 2859 c
615 2821 696 2867 auctor
710 2818 779 2877 primi
797 2818 917 2876 Evangelii
930 2833 977 2864 sco-

101 2901 157 2945 pum
171 2889 319 2947 prosequitur
328 2890 452 2950 praecipue
465 2879 622 2947 dogmaticum
637 2892 659 2933 et
673 2889 870 2948 apologeticum...
883 2892 905 2933 61
915 2890 976 2934 insu-

102 2957 181 3014 perin
193 2958 344 3018 disponendis
352 2961 417 3005 iactis
430 2964 453 3005 61
465 2960 559 3005 dictis..
572 2974 620 3007 non
636 2974 727 3019 semper
737 2960 842 3005 ordinem
855 2961 977 3004 chronolo-

55 3046 57 3048 ’
96 3027 180 3084 gicum
192 3031 258 3072 tenet
268 3048 278 3070 n
291 3032 371 3074 lleazl3
383 3036 448 3076 2153.

131 3097 153 3155 a)
167 3100 283 3154 Leguntur
290 3099 315 3143 in
323 3103 357 3145 1111
366 3116 409 3160 per
418 3105 491 3146 totum
504 3103 537 3146 Eo
550 3101 671 3159 longiores
681 3115 803 3156 saracenos,
815 3102 854 3160 qui
865 3100 976 3163 probahi-

91 3166 154 3212 ‘liter
169 3182 196 3211 ex
207 3168 333 3214 intentione
342 3171 375 3215 ita
387 3172 505 3218 distributi
519 3175 580 3218 sunt.
591 3172 729 3217 Enumerari
744 3174 839 3232 possunt
852 3185 856 3216 :
872 3175 975 3227 5,3-7‚27
