2211 3575
428 268 504 298 nerra.
521 258 552 304 73,
569 256 636 296 ata-53.
931 257 968 297 605

92 355 144 402 ordo
154 355 200 408 ipse
210 357 311 397 scientiae
327 359 347 396 et
361 356 470 397 doctrinae
484 359 601 409 spectatur3
612 368 666 396 nova
681 356 738 396 enim
753 353 874 394 doctrinae
888 343 969 392 Christo

29 446 31 450 »
92 421 170 461 tradita
179 422 304 473 cumprimis
318 422 366 462 sciri
380 421 444 461 dehet
454 435 466 462 a
476 422 588 473 magistro,
601 422 708 472 quomodo
725 420 780 460 enirn
796 419 849 459 alias
864 417 924 457 illam
939 428 970 456 cr-

91 486 205 536 guments,
216 487 325 537 exemplis,
336 486 513 527 similitudinibus
522 487 615 539 undique
623 486 697 537 petitis
705 486 808 525 illustrare
816 484 903 537 posset?
912 483 970 523 Hanc

92 551 160 602 primo
171 554 191 591 ct
201 563 270 603 perse
279 553 408 604 persuadere
415 553 465 603 vult,
476 552 515 593 etsi
524 564 536 591 a
545 550 647 603 symbolis
657 550 730 590 doecre
740 550 825 602 incipit·
834 550 889 589 hanc
897 548 969 600 itaque

65 665 66 668 Ἴ
92 628 140 656 cum
149 627 233 668 semper
241 617 268 657 ob
279 618 350 657 oculos
361 612 438 658 haheat
449 617 562 668 omniaque
572 616 598 656 ad
608 627 654 655 eam
667 615 814 664 inculcandam
824 614 901 669 referat
911 617 971 653 sem'

92 692 129 732 per
140 683 199 733 quasi
212 682 283 734 priore
293 683 339 723 loco
354 695 365 723 e
381 673 481 723 thesauro
495 682 586 734 profert,
601 681 683 732 reliqua
698 680 767 720 solum
781 679 893 720 comitatus
905 690 968 719 causa

92 736 241 798 adiunguntur.

312 880 326 923 i)
337 880 375 915 Sui
385 890 434 914 eum
444 890 486 915 non
499 880 632 923 receperunt
642 877 749 919 13‚53-58.

107 988 176 1044 7353.
188 1005 211 1037 Et
220 1005 288 1038 lactum
299 1008 326 1039 est
340 1015 382 1040 cum
395 1014 522 1040 consummas·
570 1004 629 1045 1353.
639 1001 669 1036 ίίαί
681 1000 745 1048 ἐγένετο
762 1000 788 1035 ὅτε
802 999 874 1035 ἐτέλεσεν
886 998 968 1043 δ’ίησοῦς

91 1064 119 1096 set
132 1063 184 1096 lesus
199 1065 297 1105 parabolas
311 1066 368 1105 istas,
384 1066 458 1098 transiit
469 1064 521 1104 inde;
543 1060 571 1102 τὰς
580 1060 675 1107 capanea
688 1059 756 1105 ταύτας,
766 1061 835 1106 μετῆρεν
855 1058 926 1095 ἐκεῖθεν,
937 1059 966 1094 54.

92 1121 120 1154 54.
132 1122 150 1155 et
163 1123 242 1156 veniens
255 1123 275 1154 in
287 1124 368 1164 petriam
378 1131 430 1156 suam
445 1123 522 1157 docebat
543 1120 570 1155 καί
581 1120 632 1155 ἐλθὼν
641 1119 665 1170 τίς
672 1118 702 1164 τὴν
710 1120 780 1167 πατρίδα
789 1118 838 1154 αὐτοῦ
846 1118 929 1153 ἐδίδασκεν
936 1115 966 1152 αὖ·
1015 1143 1017 1152 .

91 1182 123 1214 eos
133 1181 153 1213 in
163 1182 265 1224 synagogis
275 1190 350 1222 corum,
362 1184 388 1215 lta
397 1183 417 1215 ut
430 1184 520 1215 miraren-
542 1180 579 1221 τοὺς
589 1180 604 1215 ἐν
621 1182 642 1227 τῇ
658 1185 746 1227 συναγωγῇ
763 1178 826 1224 αὐτῶν,
837 1178 877 1218 ὥςτε
891 1176 966 1221 ἐκπλήτ-

52 1235 53 1238 ’
91 1241 120 1272 tur
129 1239 147 1273 et
156 1239 239 1273 dicerent
249 1249 254 1273 :
264 1240 313 1274 unde
324 1241 367 1274 linic
377 1242 468 1283 sapientia
476 1243 522 1274 haec
543 1238 697 1279 caelaratcelarat
706 1239 768 1286 λέγειν·
776 1238 825 1273 πόθεν
834 1237 889 1285 τούτῳ
898 1235 909 1281 ἣ
917 1237 966 1283 σορία

91 1301 108 1332 et
118 1299 206 1332 virtutes?
216 1301 244 1333 55.
254 1299 321 1333 Nonne
329 1301 360 1333 hic
369 1301 397 1333 est
405 1300 451 1333 fabri
461 1299 521 1334 filius?
543 1298 582 1343 αὕτη
593 1297 620 1333 καὶ
633 1298 650 1332 αἱ
665 1299 748 1346 δυνάμεις
761 1300 789 1334 55.
800 1297 832 1344 οὐχ
843 1292 892 1337 οὗτός
906 1295 965 1331 ἐστινὸ

90 1366 152 1390 nonne
160 1361 220 1391 mater
228 1360 267 1392 eius
277 1359 344 1392 dicitur
350 1359 418 1399 illaria,
428 1360 446 1392 et
455 1359 521 1392 tratres
542 1359 571 1390 τοῦ
580 1357 655 1396 τέκτονος
663 1356 695 1397 υἱός
700 1368 704 1399 ;
716 1355 747 1402 οὐχ
756 1354 889 1402 epitrepontem
899 1355 966 1401 λέγεται

90 1418 130 1450 eius
139 1416 217 1450 Iacobus
224 1420 242 1451 et
249 1417 316 1459 Ioseph
323 1420 342 1450 et
352 1417 417 1460 Simon
427 1419 445 1451 et
454 1417 521 1451 iudas?
542 1415 612 1462 Μαριὰμ
626 1415 654 1449 καί
669 1415 685 1450 οἱ
701 1415 769 1462 ἀδελφοί
784 1414 833 1450 αὐτοῦ
849 1412 928 1455 ’talasa
939 1414 966 1448 καί

91 1475 119 1508 55¹.
131 1478 149 1509 et
159 1484 233 1510 sorores
240 1478 280 1510 eius
286 1485 349 1510 nonne
359 1485 425 1511 omnes
432 1477 481 1520 apud
487 1486 521 1510 nos
545 1474 605 1521 Ἰωσὴρ
610 1474 638 1510 καί
643 1475 699 1523 Σίμων
707 1474 734 1510 καί
743 1474 813 1517 Ἰούδας
822 1476 850 1510 56.
860 1473 888 1508 καί
895 1474 911 1509 αἱ
918 1473 966 1508 ἀδελ-

56 1551 58 1558 ·
90 1534 144 1569 sunt?
151 1535 203 1569 unde
213 1545 258 1578 ergo
268 1537 311 1569 huic
323 1537 386 1570 omnia
397 1536 443 1569 ista?
459 1538 488 1570 57.
499 1536 521 1569 Et
542 1535 570 1582 φαί
581 1535 630 1569 αὐτοῦ
640 1534 678 1581 οὐχί
688 1536 738 1570 πᾶσαν
747 1534 786 1581 πρίνς
796 1534 839 1585 epate
849 1532 890 1568 εἰσίν
896 1545 901 1576 3
914 1534 965 1569 πόθεν

89 1594 263 1628 scandalizabantur
273 1596 292 1627 in
303 1604 331 1628 eo.
343 1596 395 1629 Iesus
404 1597 465 1629 autem
475 1595 521 1629 dixit
542 1589 570 1627 cin
580 1592 633 1640 τούτῳ
644 1595 695 1627 ταῦτα
708 1593 769 1634 πάντας
785 1595 813 1628 57.
821 1591 849 1626 καί
863 1591 965 1627 ἐσκανδαλί-

89 1655 115 1686 eis
127 1662 131 1685 :
142 1656 217 1686 nonest
227 1655 318 1696 propheta
328 1655 449 1694 sinelioncrc
459 1655 495 1689 nisi
502 1657 521 1690 in
542 1654 590 1693 ζοντσ
597 1652 613 1686 ἐν
621 1651 672 1700 αὐτῷ.
681 1653 690 1687 ὁ
700 1653 717 1687 δὲ
729 1651 792 1697 Ἰησοῦς
804 1650 849 1686 εἶπεν
861 1651 924 1692 edacia·
935 1650 965 1686 oda

89 1714 149 1754 patria
156 1721 190 1745 sua
200 1714 218 1745 et
227 1715 246 1745 in
257 1713 311 1746 domo
319 1723 359 1747 sua.
372 1714 425 1747 fient
434 1723 471 1747 non
478 1715 521 1749 iecit
543 1711 586 1747 ’ἔστιν
593 1712 677 1758 προφήτης
686 1712 743 1759 ἄτιμος
753 1711 767 1746 εί
780 1710 801 1758 μὴ
810 1710 826 1746 ἓν
837 1712 858 1758 τῇ
865 1711 965 1758 πατρίδακαὶ

88 1772 198 1804 ihivirtutes
219 1772 287 1805 multas
303 1773 378 1814 propter
400 1774 518 1807 incredulita-
542 1771 558 1806 ἐν
568 1770 639 1820 τῇοίκίᾳ
651 1770 707 1809 αὐτοῦ.
721 1774 749 1808 58.
763 1771 790 1806 καί
803 1770 832 1805 οὖν.
845 1769 922 1815 ἐποίησεν
930 1770 966 1805 ἐκεῖ
1023 1766 1025 1769 ⁴

90 1833 126 1864 tem
139 1831 221 1864 illorum.
542 1832 617 1879 δυνάμεις
622 1830 685 1872 πολλὰς
692 1831 718 1866 διὰ
725 1829 754 1875 τὴν
763 1830 839 1867 ἀπιστίαν
847 1829 908 1866 αὐτῶν.

113 1932 224 1974 Ιην.535ἓγ
239 1933 347 1974 parabolam
363 1933 424 1966 istam.
439 1934 460 1966 In
474 1926 525 1967 vste
537 1944 566 1967 am
575 1934 614 1967 iuld
627 1943 651 1966 ox
659 1943 690 1968 cor
698 1933 737 1968 lind
747 1936 812 1967 virtus.
823 1934 845 1966 In
855 1943 873 1967 ν.
893 1934 914 1966 55
929 1933 965 1967 add
1026 1939 1027 1942 ’

89 1991 187 2033 lcrephah
195 1989 273 2033 n2g1h
284 1991 320 2024 dub
329 1995 360 2034 ept
370 1992 408 2025 ken
418 1994 462 2026 rush
472 2001 503 2035 eg;
515 2002 549 2035 pro
563 1994 630 2035 Ioseph
639 1994 709 2027 habent
722 1992 798 2026 locanes
805 1990 849 2030 .de
858 1993 872 2025 Ε
880 1997 893 2025 n
904 1992 963 2027 GMS

88 2050 104 2083 U
111 2050 127 2082 V
134 2050 151 2083 X
159 2046 172 2081 Γ
179 2050 197 2082 al
207 2051 249 2091 plus
256 2050 278 2083 20
289 2050 315 2084 Or
324 2051 361 2084 dul)
368 2052 413 2084 ruslr
422 2052 468 2092 ken3
478 2052 514 2085 KL
522 2049 555 2084 ΔΠ
564 2053 577 2086 k
584 2053 627 2094 aeth
642 2062 699 2094 ιωσης;
710 2062 733 2094 cg
743 2052 823 2085 Ioannes
832 2055 850 2084 et
860 2052 935 2095 Ioseph.
942 2051 962 2085 In

87 2118 105 2142 v.
116 2110 138 2143 57
148 2107 180 2140 ιδια
190 2120 232 2153 πατρ
240 2116 254 2147 ,χ’
262 2109 274 2141 Ζ
283 2110 302 2142 al
313 2110 322 2143 3
332 2107 380 2143 tt1G
391 2110 416 2143 Or
426 2110 457 2152 Τίς
467 2111 513 2145 codd
523 2112 563 2155 pler
572 2121 614 2156 πατρ
623 2122 678 2152 ccccm
687 2113 746 2146 selum
759 2109 844 2156 πατριδιΒ
853 2112 868 2144 D
880 2111 910 2144 33.
919 2110 963 2144 346.

88 2177 99 2202 a
109 2168 128 2201 k.
139 2167 160 2201 In
170 2178 188 2202 v.
200 2170 221 2202 58
233 2169 269 2202 duh
280 2177 304 2211 og
314 2171 344 2212 ept
355 2170 392 2202 ken
402 2171 447 2203 rnsh
456 2175 472 2204 et
481 2171 526 2204 idco.

116 2270 160 2311 Cirr
176 2267 275 2314 Christus
290 2268 375 2326 populo
391 2268 499 2327 loquatur
513 2270 536 2312 in
552 2269 677 2328 parabolis,
695 2270 829 2329 explicatum
842 2270 963 2313 estturha-

86 2353 138 2382 rum
158 2338 317 2382 incredulitate
336 2342 404 2389 lata
421 2354 468 2399 seq.
493 2343 519 2384 Et
536 2344 623 2399 quanta
642 2341 710 2397 fuerit
725 2341 783 2384 haee
798 2340 961 2395 incredulitas,

87 2409 226 2466 evengelista
238 2410 340 2468 exemplo
353 2409 509 2470 declaratque
520 2411 641 2456 clarissime
650 2415 719 2471 patet,
732 2412 793 2471 quod
804 2410 905 2455 videntes
915 2426 963 2456 non

86 2482 164 2526 vident
178 2485 199 2524 ct
212 2481 329 2525 audientes
342 2496 388 2525 non
401 2482 499 2526 audiunt
515 2497 589 2542 neque
604 2482 746 2540 intelligunt,
764 2484 797 2526 uti
813 2497 884 2540 supra
896 2497 918 2527 v.
934 2487 961 2527 13

86 2553 222 2596 dictumest.
238 2555 283 2596 Hoc
296 2553 373 2612 itaque
387 2557 469 2597 eventu
479 2554 605 2599 ostenditur
614 2554 727 2598 Christum
738 2554 819 2598 merito
835 2554 863 2597 de
877 2554 962 2597 civium

87 2637 180 2668 suorum
190 2625 332 2667 contumacia
342 2627 491 2682 conquestum
500 2640 554 2680 csse,
567 2626 647 2670 merito
657 2625 752 2669 docendi
761 2626 854 2669 modum
863 2625 962 2684 parabo-

86 2696 156 2739 licum
168 2694 312 2753 assumpsisse
323 2698 344 2738 et
354 2694 449 2739 ulterius
459 2711 549 2756 quoque
559 2696 716 2741 manifestatur
726 2696 749 2739 id
760 2696 821 2754 quod
834 2711 885 2754 cap.
903 2700 929 2740 11
940 2699 962 2739 et

88 2771 115 2810 ta
123 2767 170 2810 ianr
178 2765 349 2825 proponebatur
363 2781 432 2824 quam
442 2768 512 2827 inepti
522 2767 559 2811 isti
568 2769 614 2811 sint
623 2782 693 2825 regno
706 2767 823 2810 messiano.

115 2842 213 2881 Eventus
226 2837 288 2880 idem
299 2840 406 2880 narratur
419 2841 484 2883 llarc.
497 2842 533 2892 6‚1
548 2850 607 2898 scq.;
621 2838 681 2882 unde
692 2837 744 2896 quia
756 2841 820 2882 llere.
839 2839 961 2897 tpareho-

87 2909 121 2952 lac
132 2911 293 2968 proponuntur
303 2907 438 2951 concludere
452 2912 551 2968 oportet,
567 2909 680 2954 Christum
690 2923 736 2952 non
749 2909 824 2952 statim
833 2911 884 2968 post
893 2925 962 2969 para-

86 2979 149 3024 bolas
166 2980 254 3024 venisse
270 2980 380 3023 Nazareth
398 2993 478 3023 verum
493 2980 642 3023 intercessisse
655 2994 681 3022 ea
699 2994 756 3038 (puae
770 2983 834 3024 llere.
857 2984 960 3034 t,35-6‚1

86 3053 164 3105 relert3
184 3053 245 3093 arcte
265 3052 326 3094 enim
343 3051 498 3094 narrationem
514 3050 699 3094 antecedentibus
719 3051 809 3095 adnecti
839 3051 960 3095 scribens:

85 3126 107 3167 et
117 3124 148 3167 ait
156 3121 201 3165 illis
214 3121 238 3164 in
247 3119 288 3163 illa
296 3121 332 3164 die
343 3136 395 3166 curn
406 3137 454 3166 sero
466 3124 521 3165 esset
534 3122 618 3164 tactum
635 3135 639 3166 ε
653 3125 795 3167 transeamus
809 3124 888 3166 contra
898 3126 958 3174 535.
973 3118 974 3122 ’

85 3198 111 3238 Εί
121 3192 313 3254 quodllatthacns
323 3192 394 3244 habet
403 3208 425 3236 ν.
440 3198 466 3238 53
479 3207 530 3237 carn
541 3201 716 3238 cerasu'mrnasset
727 3193 848 3252 parabolas
862 3190 961 3236 'ta-arasth
