2211 3575
453 223 623 300 uaria..7,t-6.
766 309 770 315 ἡ
835 306 837 309 Ι
935 252 1010 306 343,

35 396 36 400 ,
99 355 171 398 levem
183 351 279 395 aliorum
290 348 402 397 defectum
415 346 519 412 carpere,
533 366 586 396 cum
598 351 643 411 ipsi
652 350 741 395 trabale
755 352 777 395 et
786 350 886 394 immane
901 348 973 392 scelus

99 426 123 469 in
135 426 210 467 mente
221 435 261 467 sua
268 423 366 468 tolerent
376 423 464 484 (Lajr.)‘l
474 439 495 468 v.
507 428 568 468 tacet
579 422 691 481 quomodo
701 421 756 466 dicas
764 422 833 481 scatet
845 428 882 465 tuo
893 434 901 463 .·
912 418 971 473 stne,

100 494 189 540 atteram
194 490 308 553 festucam
317 494 343 539 de
354 496 418 540 ocello
428 494 479 539 leco!
488 503 509 538 et
518 509 567 538 ecce
577 488 637 537 trabs
648 500 679 536 est
687 494 711 537 lu
718 494 787 540 oculo,
795 494 849 536 tcto?
856 492 969 537 ibivalet:

99 566 187 610 medice
197 580 252 611 cura
259 567 368 626 teipsum!
380 567 404 625 Si
413 565 465 610 talis
474 565 597 609 minimum
607 563 724 623 quoddam
733 562 828 607 liaberet
837 563 935 606 institiae
945 578 971 607 ac

99 637 187 681 virtutis
197 637 308 693 studium,
320 652 333 682 a
343 652 366 682 se
375 639 424 696 ipso
435 650 492 695 opus
501 628 665 680 emendationis
675 634 793 694 inciperet.
807 634 878 686 Quare
890 626 974 677 merito

100 709 120 752 ei
128 707 211 752 dicitur
220 723 242 753 v.
254 713 267 754 5
278 708 410 769 hypocrita!
420 725 431 749 c
443 711 464 751 et
474 708 532 752 bene
541 707 572 751 ait
584 706 717 769 apparacum·
729 720 835 750 accusare
846 706 907 749 enim
915 705 971 749 vitia

99 778 201 823 officium
209 783 241 824 est
248 780 363 823 honorum
370 777 472 823 virorum
479 778 680 840 ethenevolorum3
691 776 812 837 quodcum
819 777 874 821 mali
882 776 970 820 faciunt

99 849 183 893 alienas
195 854 271 909 partes
285 851 436 908 aguntssicut
449 850 583 910 hypocritae
597 850 636 909 qui
650 840 731 906 tegunt
740 849 782 893 snb
798 863 896 908 persona
909 847 970 906 quod
989 855 990 858 ’
1047 880 1053 887 ,

98 923 150 965 sunt
158 923 180 965 et
186 923 298 966 ostentant
305 916 329 965 in
337 924 434 981 persona
441 922 558 981 quod‘non
564 922 627 977 sunt;
636 920 807 980 hypocritarum
815 934 870 977 ergo
877 918 969 964 nomine

98 992 362 1054 simulatores'acceperis
374 1012 384 1036 u
396 993 429 1053 (S.
441 993 521 1053 Arm.);
536 993 590 1037 etc'ce
598 993 703 1051 prc'mam
718 991 803 1038 trabem
813 992 840 1036 de
852 989 916 1039 oculo
929 991 976 1034 tao

98 1071 118 1107 et
132 1071 184 1108 tane
197 1063 280 1109 uidebis
294 1065 371 1109 ec'c'ccre
382 1066 495 1123 festucam
508 1063 534 1107 cle
546 1062 609 1107 oculo
624 1064 703 1121 fralmo
713 1063 749 1106 tui
760 1064 776 1106 i.
791 1078 809 1106 e.
827 1065 849 1124 et
862 1067 915 1106 tunc
927 1077 968 1121 per
1021 1103 1023 1108 ,

97 1149 133 1178 me
142 1135 193 1184 licet
206 1135 432 1195 dispicies'quomodo
442 1149 538 1194 parvum
547 1134 639 1178 alterius
649 1133 731 1177 vitium
741 1134 848 1190 corrigas.
861 1134 902 1185 Qui
913 1147 967 1190 uero

92 1206 121 1264 iu
135 1219 158 1249 se
167 1204 242 1265 ipsum
253 1207 345 1266 oculum
355 1206 435 1250 mentis
448 1204 498 1262 figit
511 1208 533 1248 et
546 1204 647 1248 districto
658 1203 747 1247 iudicio
759 1218 782 1247 se
798 1204 921 1257 examinat,
936 1206 968 1246 tot
990 1223 992 1227 ⁴

91 1274 151 1317 inse
167 1274 326 1332 deprehendet·
343 1289 434 1328 naevos,
449 1269 475 1317 ut
489 1274 518 1317 ah
533 1273 631 1317 aliorum
647 1272 825 1332 reprehensione
843 1268 978 1331 longissime

91 1343 157 1398 absit,
168 1344 211 1389 nisi
220 1345 514 1404 officiimunerisqueratio,
526 1344 616 1400 caritas,
629 1343 679 1389 eam
690 1345 773 1401 exigat.
783 1348 859 1404 Neque
868 1344 938 1399 enim,
949 1346 975 1388 ut

96 1414 119 1456 S,
137 1413 216 1473 Chrys.
228 1413 270 1469 ait,
282 1417 342 1458 vetat
356 1414 455 1470 Christus
468 1427 564 1471 arguere
575 1414 597 1456 et
607 1412 739 1468 emendare,
751 1412 790 1458 sed
799 1415 893 1473 propria
905 1414 966 1457 mala

95 1483 213 1541 negligere
230 1488 252 1528 et
267 1485 348 1534 alienis
359 1486 478 1532 insultare,
493 1486 557 1529 ma.
576 1483 653 1548 Thaca.
670 1486 747 1528 monet
762 1500 767 1530 1
783 1503 793 1525 u
811 1485 829 1529 si
845 1486 895 1544 quis
907 1500 965 1529 nun÷

96 1569 165 1613 quam
179 1555 222 1599 tuit
235 1556 260 1600 in
274 1559 377 1615 peccato,
392 1556 459 1600 debet
471 1556 550 1600 timere
568 1569 596 1599 ne
612 1554 687 1608 cadat,
706 1558 728 1598 et
744 1555 796 1599 ideo
812 1556 882 1600 invite
897 1555 964 1600 debet

96 1626 220 1685 corripere;
237 1628 254 1671 si
271 1627 362 1687 quando
376 1629 401 1672 in
416 1630 509 1686 peccato
524 1627 576 1681 fuit,
593 1641 645 1670 cum
661 1626 833 1671 mansuetudine
850 1627 963 1686 corripere

95 1695 163 1740 dehet
168 1714 174 1753 3
185 1701 207 1740 et
215 1698 266 1742 ideo
272 1699 330 1742 forte
339 1698 446 1742 Dominus
454 1698 558 1757 permisit
567 1700 658 1741 Petrum
667 1698 749 1741 cadere
761 1697 801 1757 qui
809 1697 907 1742 debebat
914 1713 963 1760 esse

95 1770 171 1825 pastor
180 1768 301 1824 Ecclesiae,
313 1772 337 1812 ut
345 1769 423 1812 mitius
432 1783 454 1813 se
464 1769 559 1812 haberet
568 1767 786 1827 compeccatoribus
800 1787 823 1812 u:
832 1770 963 1813 Continetur

94 1838 172 1897 itaque
188 1839 225 1883 hic
239 1855 309 1897 grave
323 1840 483 1885 documentum
499 1854 540 1900 pro
552 1840 580 1883 iis
592 1840 631 1898 qui
649 1839 698 1884 aliis
713 1840 835 1899 praepositi
847 1841 872 1884 in
885 1855 963 1885 eorum

28 1900 30 1904 ¹
95 1923 168 1953 mores
178 1911 359 1955 animadvertere
372 1925 454 1971 eosque
464 1910 493 1955 ad
504 1924 595 1955 omnem
610 1910 716 1971 virtutem
731 1910 823 1955 erudire
833 1910 926 1967 debent,
939 1916 964 1957 ut

94 1980 137 2038 ipsi
149 1981 206 2025 serio
218 1985 239 2026 et
252 1985 379 2027 constanter
390 1982 468 2026 virtuti
482 1982 598 2036 studeant,
614 1996 641 2025 ne
653 1981 824 2041 hypocritarum
839 1985 931 2027 nomine
942 1988 964 2028 et

93 2053 152 2095 sorte
162 2052 223 2112 apud
236 2053 357 2104 Dominum
365 2053 501 2098 habeantur.
514 2057 586 2105 Quare
596 2049 704 2112 sicutpro
712 2053 788 2112 plebe,
800 2054 832 2097 ita
842 2055 910 2098 etiam
919 2071 961 2114 pro

94 2124 200 2182 apostolis
217 2124 467 2186 doctrina-proponitur
479 2125 547 2184 plane
560 2124 696 2179 necessaria,
711 2124 789 2182 spitales
804 2140 851 2169 esse
865 2125 963 2170 debeant

93 2193 132 2253 qui
145 2195 202 2239 alios
211 2196 292 2240 docent
302 2199 324 2240 et
336 2197 468 2255 corripiunt.

122 2268 204 2309 Verum
213 2263 239 2310 in
249 2266 387 2310 correctione
398 2267 451 2321 hac,
467 2267 513 2310 sive
527 2269 559 2309 est
573 2266 672 2309 fraterna
683 2265 751 2324 (quae
764 2267 901 2326 quaudoque
914 2283 961 2313 om·

92 2336 158 2380 nibus
170 2336 292 2397 incumbit)
303 2337 349 2382 sive
359 2338 385 2381 fit
395 2337 481 2381 ratione
492 2335 603 2390 munem,
617 2340 639 2380 et
651 2337 777 2393 generatim
790 2337 814 2379 in
824 2340 960 2384 commercio

93 2422 143 2450 oum
154 2407 204 2452 aliis
211 2422 267 2467 opus
277 2423 367 2467 quoque
376 2422 422 2452 esse
430 2407 563 2468 prudentia,
573 2422 602 2452 ne
610 2407 658 2452 scil.
667 2408 715 2451 zelo
724 2407 865 2467 imprudenti
873 2410 961 2457 maiora
1022 2462 1024 2465 .

55 2539 56 2543 Ἰ
93 2479 218 2535 gignantur
228 2479 289 2524 mala
299 2482 321 2524 et
330 2495 389 2539 qnae
398 2482 475 2524 sancta
483 2481 535 2524 sunt
544 2478 697 2539 profanationi
707 2482 856 2539 exponantur,
867 2482 962 2528 ulterius

93 2550 190 2594 Christus
206 2550 270 2594 docet
282 2565 384 2595 sermone
397 2550 527 2610 parabolico
537 2566 558 2596 v.
574 2555 586 2595 6
601 2550 670 2595 nolite
684 2551 737 2595 dare
749 2559 854 2596 saccetum
868 2553 962 2599 canibus

92 2636 163 2680 raeque
176 2621 270 2665 naittatc's
282 2622 418 2681 uturpara'tas
428 2631 512 2667 oestrus
524 2631 576 2666 arcte
585 2636 681 2682 porcam
692 2626 758 2666 erunt
770 2622 874 2668 homines
884 2625 961 2684 impu-

92 2691 178 2749 dentes,
198 2692 334 2737 oblatrantes
348 2693 438 2737 veritati
450 2694 520 2754 veluti
533 2708 598 2738 canes
615 2694 645 2751 (S.
662 2694 719 2753 Aap.
736 2694 803 2737 Erat.
822 2696 901 2739 Pescla.
920 2699 958 2742 Br.
1002 2741 1003 2745 ,

94 2764 141 2813 Cat
159 2763 293 2825 Colerc'dqe),
309 2764 423 2813 immundi
436 2767 458 2807 et
469 2764 517 2808 luto
532 2768 681 2824 peccatorum
696 2764 797 2808 obvoluti
815 2765 884 2810 veluti
897 2769 961 2827 porci
974 2826 980 2830 .

94 2834 123 2890 (S.
140 2835 217 2894 cums.
235 2835 332 2896 theoph.
348 2835 417 2880 Eutd.
435 2836 472 2879 Bc.
490 2834 566 2880 thom.
584 2835 632 2879 eut.
653 2834 793 2895 Colcridpeh
809 2838 886 2896 quiin
900 2841 960 2886 malo

90 2902 195 2950 obstinati
201 2905 323 2968 'veritatem
335 2907 386 2951 odio
397 2906 482 2950 habent
495 2909 517 2950 et
527 2906 683 2950 admonitione
697 2906 770 2952 solum
779 2908 809 2952 ad
822 2909 924 2955 furorem
939 2914 961 2957 et

89 2971 255 3035 blasphemiam
266 2977 398 3033 incitantur,
413 2993 441 3023 ac
453 2978 511 3037 farte
522 2977 699 3023 conculcantem
708 2978 805 3038 pedibus
818 2981 864 3025 secas
877 2990 899 3026 ct
907 2997 960 3028 cou-

90 3047 147 3090 ccrsc'
160 3047 293 3108 (irrumpant
307 3062 363 3111 cosp
375 3051 452 3109 itaque
469 3051 516 3094 zelo
532 3050 572 3109 qui
588 3053 683 3094 nonest
700 3050 825 3095 secundum
841 3053 960 3099 scientiam

89 3113 160 3170 (Rom.
180 3119 240 3179 103)
258 3116 325 3162 facile
341 3121 473 3179 contingere
493 3124 576 3181 potest,
594 3124 620 3165 ut
637 3124 659 3166 et
677 3126 755 3167 sancta
771 3123 919 3182 profanentur
935 3129 956 3169 et

88 3185 238 3235 admonitores
253 3190 286 3252 illi
302 3190 456 3249 imprudentes
473 3193 534 3247 haud
550 3208 632 3253 parvas
651 3195 776 3252 sustineant
792 3195 903 3239 molestias
919 3197 953 3239 vel
