2239 3511
117 194 156 234 1611
394 189 396 192 ⁴
458 204 533 234 numu.
550 195 569 238 2,
586 192 654 232 17-18.

117 294 180 355 (Gen.
188 294 264 354 35,19)
272 294 413 341 iamveteres
422 295 516 335 monent
523 289 601 350 (Eutlr.
614 273 710 349 Tbeopb.
723 304 759 348 ep.
768 289 822 348 turp.
833 291 857 334 S.
866 290 931 335 Hier.
939 288 994 335 Be'd.

116 368 171 411 aab.
186 364 265 410 Pescla.
279 365 330 409 Alb.
344 362 420 407 Tbom.
432 361 503 422 lans.)
518 365 540 406 et
549 361 688 406 recentiores
698 359 835 404 confirmant
845 359 883 417 (ci.
898 356 994 416 Gue'ra'n,
1046 375 1050 380 ·’

117 436 256 496 Description
266 434 294 480 de
309 434 332 479 la
344 434 468 487 Palestina'
481 433 551 478 tudae
561 435 570 477 l
579 448 603 492 p.
615 430 731 492 aaa-236).
747 434 802 475 Cum
813 423 901 475 dicatur
911 447 955 476 roae
969 433 994 475 r'n

115 510 187 551 iterna
200 506 321 551 creditatest
332 505 408 550 statim
417 504 532 549 indicatur
541 503 660 549 oraculum
669 517 718 547 non
727 512 793 549 sensu
803 502 898 547 l'tterali
908 504 937 547 de
946 503 995 548 eiu-

115 578 163 623 latu
175 577 362 636 bethlehemitico
378 577 483 635 proferri.
499 578 538 620 Est
550 575 612 628 enim
624 577 697 619 Rama
710 573 822 634 oppidum
833 574 994 633 quadraginta

94 692 95 695 ,
115 648 192 694 stadiis
205 649 241 693 vel
257 663 295 694 sex
310 648 412 693 millibus
427 662 534 708 passuum
550 645 736 707 septemtrionem
748 659 825 689 versus
841 660 855 689 a
871 646 994 689 Ierusalem

58 757 59 760 ,
89 743 91 747 1
115 720 212 775 distans3
222 721 284 772 unde
291 720 384 765 evidens
391 723 424 764 est
434 719 559 764 clamorem
565 719 588 762 iu
597 718 731 763 Bethlehem
741 716 859 762 sublatum
869 731 916 761 non
927 715 994 776 posse

115 791 163 835 ullo
176 795 243 852 pacto
257 792 376 852 pervenire
387 805 459 850 usque
469 794 548 836 Rama.
562 816 591 822 -
604 790 690 835 Rachel
700 790 793 850 plorans
802 794 897 835 κλαίουσα
908 788 937 832 ab
951 787 1004 847 ali-¹
1034 835 1037 840 ,

115 863 198 921 quibus
208 863 313 919 iungitur
323 876 374 906 cnm
385 858 471 918 tardata
484 861 591 920 (Saburra,
607 859 687 919 Weiss)
698 860 723 904 id
736 860 798 919 quod
806 860 857 904 fieri
864 862 947 919 potest,
961 862 992 903 at*
1005 903 1007 907 .

113 936 190 977 tamen
199 926 247 978 non
254 936 286 976 est
294 933 458 985 necessarium3
469 931 539 977 dictio
547 931 609 975 enim
619 931 724 975 Matthaei
732 931 773 989 qui
781 931 873 990 scripsit
878 931 993 976 aramaice

111 1000 221 1061 explicari
232 1001 325 1045 omnino
336 1004 410 1060 potest
421 1016 446 1044 ex
459 1000 590 1044 hebraismo
603 1015 647 1059 quo
658 1001 846 1060 participiumad
858 1002 891 1046 rei
901 998 1000 1064 descrip-

54 1075 56 1079 ’
110 1074 198 1117 tionem
219 1072 260 1133 p'rc
279 1071 436 1116 verhofinito
455 1071 590 1126 adhibetur3
607 1073 677 1115 immo
696 1072 758 1117 idem
780 1073 918 1133 quandoque
937 1076 1000 1134 apud
1062 1120 1064 1122 .

111 1138 234 1204 scriptores
257 1158 351 1201 graecos
373 1142 411 1203 (cf,
438 1142 524 1201 Walter,
545 1143 686 1187 Grammatih
708 1144 747 1188 des
772 1148 869 1190 nentest.
894 1147 999 1205 Sprachi-

111 1215 191 1272 dioms,
204 1218 215 1272 ξ
228 1213 297 1274 rap).

140 1384 171 1423 Ab
185 1383 325 1436 explicatione
338 1383 449 1436 proposita
461 1395 528 1435 prope
542 1383 616 1423 abesse
629 1383 728 1423 videntur
742 1382 777 1434 qui
791 1382 814 1423 in
827 1382 905 1422 Rachel
917 1395 992 1436 perso-

113 1459 162 1489 nam
174 1449 328 1500 repraesentari
342 1448 416 1488 volunt
430 1449 535 1488 Ecclesiae
547 1448 650 1500 plorantis
663 1447 802 1487 reiectionem
816 1448 950 1488 Iudaeorum.
961 1450 992 1488 Ita

113 1512 135 1553 S.
145 1511 190 1552 Hit.
202 1526 209 1551 :
221 1513 349 1553 «Ecclesiae
360 1513 457 1564 ploratus
467 1524 493 1553 ex
503 1513 553 1552 filiis
563 1524 605 1552 non
616 1511 701 1560 idcirco,
712 1512 762 1563 quia
771 1514 894 1564 peremptos
906 1513 992 1554 dolebat

112 1572 203 1626 auditur,
216 1578 252 1617 sed
263 1578 313 1629 qnia
323 1578 348 1618 ab
359 1576 392 1617 his
401 1578 559 1630 perimebantur
569 1588 623 1628 quos
634 1577 728 1629 primum
737 1576 820 1628 genitos
833 1577 888 1617 filios
898 1578 991 1619 retinere
1007 1573 1015 1620 ⁸.

113 1643 215 1686 voluisset
225 1658 235 1679 a
248 1641 303 1696 (sim.
319 1641 368 1682 Bed.
384 1642 435 1683 cae.
451 1641 525 1682 Paret.
542 1640 610 1695 Spin)
621 1644 642 1682 et
652 1642 674 1681 in
688 1642 777 1682 eandem
791 1642 919 1693 sententiam
934 1643 990 1683 inter

112 1708 153 1748 alia
161 1708 224 1748 etiam
235 1708 332 1748 concedit
342 1706 365 1747 S.
376 1706 435 1747 Hier.
446 1720 452 1747 :
465 1722 474 1743 a
486 1708 542 1759 qnod
553 1707 658 1753 consolari
669 1718 690 1746 se
701 1707 768 1746 nollet
778 1707 804 1748 de
814 1707 848 1747 his
859 1719 914 1759 quos
927 1708 991 1748 sciret

112 1773 208 1813 victuros,
219 1784 264 1812 esse
276 1786 285 1808 a
295 1775 316 1813 et
325 1771 354 1825 pt.
366 1772 409 1812 brat.
420 1785 427 1813 .·
436 1788 446 1808 c
458 1784 495 1824 per
503 1773 543 1812 hoc
552 1771 578 1811 de
588 1772 697 1813 Chaldaeis
707 1772 796 1811 historia
806 1773 884 1812 texitur
895 1773 953 1824 quod
964 1774 992 1813 si·
1036 1822 1037 1825 Ἴ
1078 1820 1079 1824 ¹

111 1838 169 1878 milis
183 1831 278 1878 essetab
294 1838 325 1877 eis
339 1838 392 1877 cladi
407 1837 474 1889 priori
488 1837 568 1889 populo
582 1837 708 1877 Indaeorum
723 1837 793 1877 futura
806 1838 895 1877 vastatio
909 1837 988 1891 »(11111,

112 1902 133 1943 S.
143 1901 234 1955 Paseb.).
246 1903 319 1954 Itaque
331 1902 352 1941 in
363 1902 399 1942 illo
407 1903 492 1954 ploratu
501 1903 593 1942 futuram
601 1903 742 1943 vastationem
753 1902 880 1951 Indaeorum
891 1907 912 1943 et
922 1904 989 1943 mise-

110 1979 156 2008 ram
169 1968 260 2008 infidelis
273 1968 347 2020 populi
361 1970 441 2008 sortem
455 1968 554 2019 portendi
568 1967 648 2008 vident.
663 1968 773 2008 Ieremiam
788 1980 812 2008 eo
826 1968 873 2008 loco
890 1968 912 2008 in
926 1981 990 2009 sensu

110 2033 196 2073 litterali
208 2033 234 2073 de
244 2033 388 2073 internecione
398 2033 512 2072 infantium
523 2033 632 2073 vaticinari
644 2032 703 2073 Patr.
714 2034 842 2085 persuadere
853 2037 941 2074 conatur
952 2034 990 2083 (De

111 2098 285 2149 interpretatione
301 2098 377 2149 Script.
394 2111 410 2137 s:
428 2099 443 2137 Ι.
461 2110 481 2149 p.
500 2097 554 2150 252),
570 2100 591 2137 at
607 2101 684 2138 conatu
699 2098 756 2138 haud
771 2097 834 2138 felici.
849 2099 901 2138 Nam
918 2099 989 2139 obstat

111 2166 181 2203 certus
192 2164 228 2203 ille
237 2174 304 2202 nexus
316 2165 337 2206 et
347 2166 459 2203 contextus
470 2164 526 2214 apud
536 2163 658 2212 Ieremiam;
674 2163 743 2203 obstat
754 2161 799 2214 ipsa
811 2163 837 2203 de
847 2165 913 2203 Rama
925 2176 988 2204 men-

110 2229 147 2277 tio,
159 2240 212 2279 qnae
226 2227 283 2280 apud
299 2228 391 2269 eundem
407 2228 520 2285 Ieremiam
535 2229 581 2276 aar
598 2240 634 2268 cur
648 2220 764 2280 usurpetur
779 2228 834 2286 clare
851 2229 988 2270 demonstra-

110 2297 151 2334 tur.
163 2293 222 2333 Unde
236 2284 320 2333 admitti
333 2294 407 2344 nequit
417 2293 450 2333 rel
464 2293 489 2332 de
501 2294 542 2339 alie
553 2287 632 2346 oppido
642 2295 708 2334 Rama
722 2305 788 2346 prope
802 2294 927 2334 Bethlehem
942 2306 988 2335 esse

111 2370 230 2400 sermonem
240 2358 274 2397 vel
282 2370 357 2399 vocem
367 2369 413 2398 esse
427 2358 554 2410 appellative
567 2358 723 2410 explicandam
736 2359 769 2398 edi
781 2359 889 2409 ploratum
899 2360 922 2399 in
933 2360 987 2399 colle

107 2427 135 2464 -ut
144 2423 235 2463 eiulatus
245 2424 308 2476 longe
318 2424 404 2473 lateque
415 2435 453 2475 per
461 2424 571 2474 regionem
579 2424 684 2463 audiatur.
693 2424 766 2474 Neque
776 2423 862 2464 concedi
872 2427 943 2475 potest
953 2436 988 2465 so-

110 2490 153 2528 lere
166 2489 278 2539 prophetas
292 2488 416 2539 praecipuae
429 2487 580 2536 vaticiniorum
590 2488 686 2528 materiei
697 2488 739 2528 alia
749 2489 876 2541 quandoque
891 2489 931 2530 etsi
943 2490 988 2531 dis-

109 2551 345 2606 parataintermiscere3
363 2563 433 2604 neque
450 2552 506 2592 euim
521 2551 586 2593 dictio
602 2553 754 2605 prophetarum
771 2558 803 2594 est
817 2554 889 2595 hiulca
904 2555 937 2596 vel
952 2567 987 2596 or-

109 2619 159 2659 dine
176 2621 197 2658 et
211 2618 341 2658 connexione
358 2618 468 2658 destituta.
484 2641 510 2647 -
523 2618 563 2658 Alii
579 2618 603 2658 in'
615 2612 746 2659 istis”ve1·bis
761 2622 840 2660 tantam
851 2621 986 2667 invenerunt

109 2683 264 2731 difficultatem,
275 2686 299 2723 nt
309 2696 334 2724 ea
344 2683 369 2723 ab
379 2684 509 2735 evangelista
519 2684 588 2725 solum
598 2685 752 2725 accommodari
767 2697 804 2726 suo
818 2686 915 2726 instituto
927 2687 986 2727 dice-

108 2752 164 2796 rent3
180 2748 209 2789 ita
224 2751 296 2788 censet
311 2748 367 2788 laras.
381 2749 455 2789 haeca
468 2750 557 2791 Ieremia
572 2762 641 2802 neque
656 2762 719 2791 sensu
734 2750 819 2791 litterali
833 2762 904 2802 neque
919 2763 985 2792 sensu

109 2813 198 2865 mystico
212 2814 236 2854 de
250 2813 382 2854 infanticidio
396 2826 442 2855 esse
457 2815 513 2856 dieta
526 2818 547 2855 et
560 2816 712 2868 evangelistam
726 2817 795 2856 solum
808 2816 858 2868 quia
872 2818 985 2857 commode

109 2880 163 2919 sacto
177 2878 226 2919 huic
239 2879 333 2931 adaptari
347 2880 414 2931 possit
427 2892 476 2920 enm
490 2882 561 2921 locum
576 2881 731 2934 desumpsisse·
746 2882 842 2922 coneedit
857 2884 927 2924 tamen
943 2882 984 2924 dici

108 2955 169 2997 posse
180 2945 219 2983 sub
230 2944 265 2984 illa
275 2944 392 2985 calamitate
403 2946 474 2998 typice
485 2947 590 2999 designari
605 2951 723 3000 martyrum
733 2947 830 2988 omnium
844 2960 918 2998 necem
930 2961 984 3002 quo-

107 3022 155 3050 rum
172 3008 278 3061 primitiae
295 3009 373 3053 fuerint
389 3023 404 3049 s.
421 3012 553 3052 innocentes.
569 3013 601 3053 hd
617 3024 701 3053 sensum
717 3010 903 3055 accommodatum
919 3015 985 3055 etiam

107 3073 171 3115 arata.
183 3073 277 3126 confugit
290 3075 399 3122 scribens:
412 3091 421 3111 c
436 3076 492 3127 qnod
504 3089 556 3130 ergo
569 3081 621 3118 tunc
630 3078 734 3130 propheta
744 3079 770 3119 de
784 3080 907 3132 captivitate
920 3079 980 3133 dixit,

107 3141 224 3181 Matthaeus
235 3139 261 3180 ad
272 3139 360 3180 caedem
370 3140 475 3180 infantum
486 3143 656 3184 accommodavit
666 3143 761 3185 indicans
773 3146 832 3186 illam
846 3146 983 3196 prophetiam
