2239 3511
156 249 195 287 am
214 253 216 257 ·
489 225 564 285 inea
580 246 611 292 m,
628 245 693 284 aeae

156 341 231 386 Jalkut
242 343 300 402 ipsis
314 343 389 388 verbis
400 343 483 389 dieitur
496 344 520 387 in
533 344 612 389 diebus
627 343 715 405 tiessiae
728 337 843 386 deviatum
853 332 883 385 iri
895 340 1039 391 daemonenn

87 423 89 428 ’
141 465 143 468 Υ
155 415 176 464 et
185 412 299 457 deiectum
309 415 332 458 in
344 415 473 472 gehennam
484 415 519 475 (of.
532 415 574 460 Ed.
590 419 607 460 ΙΙ
618 430 641 474 p.
655 418 704 459 198,
716 417 768 469 728.
779 412 850 473 seq.);
865 405 927 469 ergo.
936 411 1027 464 erebrae

154 483 206 528 illae
217 484 337 530 eiectiones
348 487 471 531 seeundum
477 488 537 547 ipsos
546 486 639 538 ludaeos
649 487 741 543 signum
751 487 804 529 sunt
815 484 925 529 adventus
939 480 1027 525 Messiae

100 562 106 574 ¹
155 556 333 613 etregniDei.‘
449 565 470 577 ⁶
634 577 637 605 ;
856 588 865 611 ·.
1018 586 1025 606 ,

184 630 232 671 Iam
246 628 346 673 Christus
360 645 386 674 ex
399 630 483 675 crebris
494 630 538 676 illis
551 630 698 675 eieotionibus
710 628 762 678 solo
772 642 812 672 suo
826 626 933 672 mandato
943 623 1027 669 effectis

107 719 108 723 ¹
153 699 249 743 ulterius
259 700 399 746 demonstrat
416 691 433 747 a*
445 698 468 746 se
477 702 605 763 prinoipem
615 701 789 747 daemoniorum
803 713 849 744 esse
866 699 996 757 superatum
1007 698 1028 738 et

153 770 262 828 ligatum3
278 771 348 832 idque
365 773 467 819 declarat
482 774 589 819 familiari
604 772 772 834 comparatione
787 786 809 816 v.
828 775 856 815 29
865 777 906 814 eret
915 766 1026 829 quomodo

152 841 225 902 potest
241 843 363 902 qaisquam
377 845 462 889 intrare
473 845 497 889 e'n
514 844 605 890 domem
621 845 688 903 fortis
701 852 724 910 et
734 858 789 889 veae
803 843 849 888 eius
861 840 969 900 diripere,
983 838 1028 903 nz'sz'
1057 860 1062 864 >-

149 913 216 972 prius
228 913 362 974 ellz‘qeoere't
371 916 469 973 sortem?
482 923 511 959 et'
521 923 572 959 nme
586 915 678 959 domum
691 914 754 964 illius
767 907 871 973 diripiet·
889 911 990 957 Christus
999 909 1026 952 li-

151 984 206 1028 bere
216 984 287 1028 intrat
296 985 321 1029 in
331 985 443 1031 ditionem
458 990 479 1030 et
491 987 608 1044 regionem
618 986 681 1031 fortis
691 985 753 1029 illius
766 976 878 1044 principis
888 983 1026 1043 daemonum

152 1055 189 1114 (ef.
202 1059 255 1110 839
266 1058 336 1115 serp),
356 1056 477 1102 daemones
490 1058 564 1117 pellit,
580 1058 683 1102 homines
699 1056 728 1102 ab
744 1071 771 1101 eo
786 1057 905 1115 occupatos
915 1054 936 1097 ei
945 1052 1024 1111 eripit,

151 1126 330 1171 dominationem
346 1129 394 1172 eius
405 1128 510 1181 destruit;
526 1143 581 1186 ergo
590 1129 636 1173 iam
651 1123 769 1187 superavit
776 1130 798 1171 et
813 1127 893 1184 ligavit
906 1125 988 1169 fortem
997 1122 1025 1165 il-

151 1198 209 1251 lum,
230 1216 240 1239 α
259 1201 375 1246 contusam
392 1196 441 1244 a'se
457 1199 482 1245 in
497 1200 621 1245 tentatione
635 1200 709 1259 prima
724 1212 825 1247 omnem,
836 1196 926 1250 diaboli
938 1194 1026 1239 indicat

129 1326 134 1334 b
150 1272 295 1328 potestatem,
307 1271 392 1327 ligatus
402 1274 435 1315 est
448 1285 503 1329 ergo
514 1274 573 1326 tum,
587 1266 740 1316 ouin'satanas
752 1285 766 1315 a
779 1268 874 1314 Domino
883 1268 1025 1325 nuncupatus
1050 1293 1056 1298 ‹

150 1341 200 1399 ipsa
210 1340 326 1400 nequitiae
345 1346 398 1386 suae
410 1344 579 1402 nuncupatione
594 1342 728 1386 eonstrietus
744 1344 777 1385 est
795 1339 880 1399 (Matth.
899 1337 973 1395 tait),
989 1336 1025 1379 oui

100 1435 102 1439 =
149 1411 181 1454 ita
190 1412 266 1455 vineto
279 1411 351 1470 spolia
361 1412 457 1457 detraxit
468 1417 489 1457 et
501 1412 594 1457 domum
604 1413 706 1470 abstulit,
718 1427 759 1456 nos
772 1411 819 1456 soil.
833 1409 949 1469 qnondam
961 1422 1025 1452 arma

149 1481 196 1525 eius
207 1500 229 1536 n,
242 1496 299 1541 quos
309 1483 334 1526 in
343 1497 409 1526 suum
421 1484 479 1527 vieto
489 1484 580 1527 diabolo
590 1483 678 1541 redegit
692 1472 822 1527 dominium
833 1481 972 1538 domumque
982 1477 1025 1522 sihi

149 1567 175 1596 ex
188 1553 254 1596 nobis
270 1553 384 1597 dedicavit
400 1569 482 1598 novam
498 1554 532 1613 (ut
549 1546 612 1598 addit
626 1553 765 1613 S.‚Pasela.].
783 1553 855 1597 Fortis
868 1553 944 1596 autem
958 1564 1022 1603 ease,

149 1621 221 1678 σκεύη,
236 1623 398 1683 supellectitem
410 1625 542 1682 inteliigunt
557 1624 658 1670 subditos
674 1624 732 1679 eius,
748 1624 870 1668 daemones
882 1625 904 1666 et
921 1622 1024 1666 homines

148 1695 188 1754 qui
204 1694 330 1739 seeundum
343 1695 418 1754 ipsum
432 1699 562 1754 operantur,
580 1700 605 1741 ut
619 1697 651 1740 ait
666 1697 690 1741 S.
708 1694 788 1755 Chrys.
804 1693 888 1747 Emit,
902 1693 937 1737 vel
951 1693 1024 1737 solum
1059 1717 1061 1721 ν

148 1759 252 1817 homines
261 1765 368 1825 (Theoph.
387 1766 450 1811 Hier.
465 1767 523 1825 Any.
539 1767 593 1812 Bed.
608 1764 682 1812 Dion„
693 1766 743 1812 Cei.
757 1765 824 1826 rzip
837 1765 918 1809 domus
931 1764 978 1808 eius
992 1765 1024 1806 est

42 1886 46 1893 Ι
76 1853 79 1858 ·
148 1850 247 1894 regnum
262 1837 324 1896 quod
338 1836 434 1882 daemon
452 1838 525 1882 tenuit
540 1837 587 1893 vel,
603 1840 628 1881 ut
642 1838 681 1882 alii
697 1838 788 1893 volunt,
803 1836 913 1890 mundus,
929 1833 1024 1889 cumdi-

148 1909 212 1951 eatur
222 1908 329 1967 princeps
341 1908 410 1953 huius
418 1909 507 1953 mundi.
521 1909 563 1953 Alii
575 1911 667 1968 propter
679 1911 731 1953 Lue.
745 1912 812 1963 1132
824 1922 828 1952 :
844 1901 949 1951 universa
959 1919 1023 1949 erum

147 1978 194 2021 eius
207 1978 305 2031 auferet,
321 1977 380 2026 σκεύη
394 1979 510 2038 aoeipiunt
519 1979 546 2024 de
563 1969 729 2034 instrumentis,
742 1979 826 2039 quihus
841 1970 908 2023 satan¹
919 1978 1022 2021 homiues

79 2105 81 2109 Α
122 2088 123 2091 ,
145 2051 220 2103 vexat,
232 2048 262 2092 de'
271 2048 421 2093 daemonibus
433 2050 440 2109 (
454 2050 469 2093 f.
481 2051 536 2095 Are.
547 2050 645 2110 Sffleqp,
657 2051 764 2109 Setaea).
778 2050 822 2094 Sed
828 2050 924 2094 verbum
932 2045 1022 2106 &podem

145 2123 225 2178 rapere
238 2121 313 2179 aptius
327 2122 432 2165 convenit
442 2122 514 2180 priori
524 2122 705 2180 interpretationi
715 2122 743 2165 de
753 2120 885 2166 hominibus
895 2120 935 2178 qui
944 2134 1023 2163 revera

144 2194 236 2234 satanae
245 2190 385 2249 eripiuntur3
398 2191 521 2236 daemones
531 2195 624 2236 manent
632 2192 656 2236 in
665 2192 714 2236 eius
723 2191 817 2246 ditione,
827 2194 849 2234 et
856 2191 892 2235 vix
901 2192 1022 2249 propterea

143 2264 195 2320 apte
208 2264 300 2320 possent
310 2261 355 2306 diei
368 2263 389 2306 ei
401 2263 462 2322 rapi,
476 2264 530 2322 quia
541 2264 567 2307 iis
581 2263 709 2308 dominium
719 2263 744 2306 in
757 2263 862 2307 homines
877 2262 973 2321 eripitur
986 2261 1021 2317 vel

142 2336 235 2376 satanae
253 2336 352 2392 potestas
370 2334 397 2377 iis
413 2333 494 2380 utendi.
501 2334 529 2378 ad
539 2331 642 2379 homines
655 2333 814 2393 possidendos.
827 2336 947 2378 Praeterea
957 2332 1022 2391 prior
1071 2380 1073 2382 .

90 2417 91 2421 ¹
106 2461 107 2464 Ἰ
142 2404 301 2462 interpretatio
312 2405 378 2449 nuiee
389 2405 495 2461 congruit
504 2406 579 2449 verbis
592 2405 661 2449 Isaiae
671 2420 729 2463 quae
738 2405 842 2449 Christus
849 2404 892 2447 hoe
901 2404 950 2447 loeo
962 2406 1021 2447 certe
1035 2431 1037 2433 -

142 2473 172 2516 oh
184 2474 261 2517 oeulos
275 2475 359 2517 habuit
374 2490 378 2517 :
395 2475 450 2518 haec
464 2474 519 2518 dieit
528 2476 634 2519 Dominus
647 2490 651 2519 :
664 2475 773 2534 equidem
784 2476 807 2518 et
816 2473 935 2532 eaptivitas
943 2488 957 2517 a
966 2465 1021 2517 forti
1084 2484 1086 2486 ’

141 2544 234 2588 tolletur
246 2547 267 2587 et
281 2544 341 2602 quod
355 2544 459 2588 ablatum
473 2545 547 2589 iuerat
558 2561 571 2588 a
581 2546 673 2590 robusto
686 2545 812 2590 salvabitur
824 2545 922 2605 (itit),
936 2545 1019 2604 quibus

141 2614 219 2659 verbis
231 2614 383 2674 respondetur
396 2615 426 2659 ad
445 2616 600 2674 quaestionem
612 2631 616 2662 :
632 2630 687 2661 num
704 2616 754 2661 fieri
764 2617 835 2676 possit
844 2620 870 2660 ut
879 2616 966 2675 praeda
975 2617 1019 2661 eri·

139 2687 217 2748 piatur
229 2686 290 2729 forti.
593 2675 596 2682 ,
1023 2726 1025 2729 .

103 2762 104 2765 ’
172 2759 229 2801 Cum
242 2757 320 2816 itaque
334 2757 439 2802 Christus
449 2761 551 2804 satanam
564 2773 610 2804 iam
623 2760 702 2804 vicerit
715 2763 737 2804 et
748 2775 774 2804 eo
786 2761 845 2803 vieto
855 2773 890 2804 res
906 2759 930 2802 in
944 2772 970 2802 eo
980 2759 1017 2812 sit,
1043 2796 1045 2799 .

140 2832 164 2871 ut
180 2827 267 2886 praeda
282 2843 373 2887 quoque
389 2829 410 2872 ei
426 2829 536 2888 eripiatur
554 2834 576 2874 et
592 2844 689 2888 regnum
706 2830 745 2875 Dei
759 2832 784 2874 in
804 2826 885 2873 animis
898 2829 1015 2880 hominum

140 2899 297 2953 constituatur,
310 2913 377 2943 nemo
385 2902 459 2959 potest
466 2915 557 2945 manere
566 2903 648 2946 otiosus
656 2904 677 2946 et
683 2902 753 2956 iners,
767 2900 853 2959 quasia
863 2905 944 2946 neutra
953 2905 1014 2960 parta

140 2972 200 3014 stare
211 2968 291 3024 vellet,
302 2969 341 3014 sed
349 2985 369 3014 v.
382 2975 409 3014 30
418 2971 460 3031 qai
468 2987 513 3016 non
523 2981 555 3017 est
563 2987 651 3018 maerim
660 2980 782 3033 contrane
792 2979 824 3015 est
832 2972 900 3033 etqui
909 2988 954 3017 raon
964 2989 1013 3018 eote·

142 3048 223 3101 qrequt
238 3053 328 3084 aiteram
342 3040 460 3102 ctz'sperpe't;
472 3042 545 3089 adstat
557 3045 604 3089 soil.
622 3044 720 3098 Messias,
733 3056 756 3087 se
766 3043 834 3088 talem
843 3044 1014 3105 probat„fidem

141 3112 253 3172 postulat,
269 3110 420 3159 taborandum
434 3128 479 3158 esse
492 3114 569 3169 edicit,
585 3114 649 3159 utin
667 3129 706 3158 suo
723 3114 820 3175 quisque
839 3116 906 3160 eorde
920 3128 1016 3174 regnum

105 3195 107 3199 ’
140 3183 179 3227 Dei
191 3183 299 3228 stabiliat.
317 3186 363 3227 Iam
376 3183 450 3243 quiin
465 3200 490 3229 ea
507 3200 583 3231 rernm
595 3184 723 3231 conditione
733 3188 817 3233 otiosus
830 3190 908 3233 manet
917 3191 938 3233 et
947 3188 1017 3254 indii-
