2239 3511
134 213 136 216 ⁴
156 210 205 254 '5³30
286 218 294 229 ³
397 239 398 242 ,
522 217 596 246 llATTll.
614 209 646 255 ia,
662 210 694 247 32.

167 300 199 354 (in
209 305 300 345 editione
315 305 448 346 benedictina
460 308 475 345 t.
490 308 502 346 6
515 306 606 358 append.
617 319 637 358 p.
650 307 707 360 131),
720 319 763 359 quo
776 307 823 348 loco
837 308 949 360 explicatio
962 310 988 359 de
999 309 1041 348 irn-

147 367 149 370 ’
167 368 297 419 poenitentia
308 381 377 421 usque
387 370 413 410 ad
423 373 514 411 mortem
526 363 626 424 adoptata
634 375 676 418 est:
688 373 805 424 quaestion.
818 385 842 413 ex
851 375 944 424 utroque
954 375 1040 414 testam.
1061 401 1067 418 ,1

167 435 257 483 00102
272 434 302 488 (in
315 436 404 488 append.
418 438 432 477 t.
447 438 459 476 3
472 449 493 488 p,
507 437 551 490 96);
563 437 588 477 de
601 437 642 477 tide
656 437 682 477 ad
696 439 782 477 Petrum
798 449 844 490 cap.
859 440 871 477 3
885 437 985 490 (append.
1001 439 1041 477 16
1108 446 1111 451 “

165 509 186 548 p.
198 496 239 551 11),
251 500 307 551 quod
318 512 370 553 opus
384 513 440 541 nunc
452 502 473 542 S.
485 502 590 555 Fatpentr'o
600 502 711 551 tribuitur,
724 504 762 554 qui
775 503 846 544 locum
856 504 954 543 nostrum
963 497 991 543 de
1004 499 1040 543 ob-

166 562 245 603 durans
256 560 333 617 accipit
343 564 379 618 (0.
391 558 480 620 oanan.
882 600 894 608 ,,
1032 597 1034 603 .

192 629 281 669 Demum
294 631 351 671 iuvat
364 631 428 689 etiam
440 632 515 674 afferre
528 644 581 685 quae
597 634 649 686 Vapo
661 634 773 674 recensitis
785 625 892 674 rariorum
905 633 1040 686 opinionibus

165 694 239 734 scribit
249 694 375 747 (Tridentini
387 697 466 738 decreti
479 698 505 739 dc
517 699 668 740 iustificatione
681 699 796 751 expositio,
808 694 936 751 1110130ορ.
949 700 968 749 9,
980 699 1040 738 Com·
1078 752 1080 755 Α

165 759 218 809 pluti
230 761 281 801 lana
291 773 311 813 p.
324 760 490 815 118);0101001
504 764 610 805 enimvero
621 776 668 806 cum
683 765 745 805 altius
760 775 844 805 raecum
858 766 879 804 et
889 764 995 804 maturius
1007 774 1040 803 ex·

164 824 244 875 pendo,
259 837 312 877 quae
323 827 403 868 Marcus
413 831 485 868 contra
494 829 534 868 boc
546 832 656 880 peccatum
666 830 749 881 prolata
761 841 773 870 a
783 829 960 881 Christoretuiit,
972 840 998 883 ne
1008 828 1040 868 vis

131 924 135 928 ,
161 888 206 928 ulla
216 890 261 929 tisri
276 891 372 931 videatur
381 892 503 943 scripturis,
513 894 635 945 germanius
646 896 667 933 ct
676 894 801 946 simplicius
814 897 913 946 putarem
923 893 1040 934 concedere

163 955 272 1003 peccatum
281 954 304 994 in
314 955 415 1007 Spiritum
426 959 521 997 sanctum
531 957 635 997 eiusmodi
644 968 700 1007 esse,
712 960 735 997 ut
744 958 795 998 licet
804 958 932 998 remissibile
941 957 975 1005 sit,
987 968 1040 997 nun-

164 1028 228 1068 quam
238 1022 310 1062 tamen
319 1011 446 1061 remittatur.
464 1021 504 1062 [tur
514 1022 571 1063 enim
583 1022 634 1062 alias
647 1021 688 1062 hoc
703 1034 771 1062 unum
782 1022 884 1062 delictum
897 1024 1010 1075 aeteruum
1018 1021 1040 1060 in
1087 1047 1088 1050 ,

154 1082 277 1125 'viatoribus
287 1085 377 1125 dicitur?
389 1098 425 1126 cur
434 1087 461 1143 de
473 1087 513 1127 hoc
523 1087 567 1133 solo
582 1087 734 1140 pronuntiatur
744 1087 801 1139 quod
811 1098 854 1127 non
866 1087 953 1127 habebit
962 1086 1039 1126 remis-

163 1148 243 1188 sionem
253 1150 275 1189 in
283 1153 399 1202 aeternum,
409 1146 430 1191 et
439 1155 462 1192 01
470 1152 627 1204 apertissimum
634 1153 675 1193 hoc
685 1153 713 1192 sit
719 1152 818 1193 adiicitur
826 1164 830 1192 τ
839 1164 909 1204 neque
916 1153 937 1192 in
946 1151 986 1192 hac
995 1163 1039 1192 sae÷

162 1213 208 1253 culo
220 1226 289 1271 neque
301 1206 465 1257 0100010100-
478 1229 490 1257 a
502 1218 577 1258 ceteris
588 1217 681 1269 peccatis
692 1219 714 1258 et
726 1217 863 1258 contumeliis
877 1220 949 1258 contra
960 1217 1039 1257 Filium
1060 1209 1072 1216 '¹

161 1277 264 1329 hominis,
276 1280 342 1321 immo
354 1283 375 1321 et
384 1282 509 1334 generaliter
520 1283 545 1322 ab
555 1283 654 1324 omnibus
666 1283 731 1323 etiam
740 1282 787 1322 aliis
798 1282 936 1334 blasphemiis
947 1282 987 1322 bac
997 1292 1039 1321 una
1084 1312 1086 1316 .

163 1344 283 1385 conditione
294 1345 443 1398 distinguiturl
453 1348 556 1398 Equidem
565 1350 675 1388 aeternum
686 1347 840 1402 delictnm‘dici
849 1360 892 1388 non
902 1349 973 1399 potest
981 1346 1048 1398 quodx

162 1408 276 1460 aliquando
287 1411 364 1451 eluitur
377 1414 397 1451 et
411 1413 512 1464 expiatur,
525 1413 607 1452 etiamsi
619 1413 641 1452 in
654 1415 746 1463 utroque
759 1413 846 1453 saeculo·
853 1413 956 1464 puniatur
966 1414 987 1451 01
997 1410 1038 1450 dii-

162 1474 255 1527 ticillime
267 1476 336 1527 ipsius
346 1476 498 1527 indulgentiam
512 1478 559 1529 quis
570 1478 665 1517 obtineat
677 1493 695 1516 a.
708 1477 788 1517 Eadem
799 1480 831 1517 est
841 1476 903 1517 Dion.
915 1477 1037 1517 sententia:

161 1550 269 1590 nunquam
279 1541 404 1581 remittetur¹
410 1542 459 1592 quia
467 1553 506 1581 ncc
514 1542 536 1581 in
546 1542 653 1593 praesenti
663 1553 703 1582 nec
711 1544 791 1593 postea.
803 1543 872 1592 Atque
883 1553 908 1582 ex
916 1540 1038 1581 recentiori-

161 1603 199 1643 bus
209 1603 307 1645 similiter
316 1605 433 1657 loquuntur
442 1605 526 1663 Sebepp,
539 1607 625 1656 Grtrnm,
637 1607 728 1658 Sobora·
739 1608 760 1647 at
770 1606 862 1646 nimium
873 1607 948 1647 asserit
960 1604 1037 1653 etenim

160 1668 185 1708 lv
191 1681 211 1720 p.
222 1670 260 1710 505
271 1669 343 1710 dicens
354 1672 421 1711 ileum
430 1671 467 1711 tali
475 1672 581 1723 peccatori
589 1672 694 1712 obdurato
704 1671 747 1712 iam
755 1683 856 1725 aonposse
863 1671 981 1723 ignoscere,
989 1682 1037 1723 pec-

160 1736 251 1773 catorem
265 1735 286 1774 in
297 1747 322 1775 eo
331 1735 479 1776 obstinationis
493 1738 552 1777 statu
564 1737 672 1785 constitui,
684 1739 707 1777 ut
719 1736 801 1788 gratiae
814 1737 856 1777 iarn
868 1748 910 1777 non
926 1736 953 1776 sit
967 1735 1036 1775 aditus
1057 1769 1059 1771 ,

159 1799 214 1838 ullus
225 1802 246 1839 et
255 1801 336 1852 peccati
346 1801 515 1853 magnitudinem
526 1802 547 1841 in
558 1814 582 1842 eo
592 1802 702 1851 contineri,
713 1804 736 1841 ut
745 1801 823 1853 gratiae
833 1802 928 1841 absolute
941 1800 1036 1841 occluda-

160 1865 194 1903 tur
203 1864 279 1904 aditus.
291 1865 346 1905 Deus
357 1866 413 1904 enim
423 1866 498 1917 gratias
509 1866 573 1906 babet
583 1868 604 1905 et
612 1867 661 1906 dare
671 1868 742 1917 potest
750 1867 767 1906 si
778 1866 823 1906 vuit
834 1866 886 1905 adeo
898 1867 1003 1917 potentes,
1013 1867 1036 1905 ut

160 1929 228 1968 omnis
238 1929 333 1970 voluntas
345 1930 407 1969 etiarn
418 1941 482 1981 quam
490 1930 579 1971 maxime
589 1931 675 1971 rebellis
685 1930 806 1971 emolliatur
817 1925 872 1970 etad
882 1930 1035 1983 paenitentiam

159 1994 252 2033 suaviter
261 1994 363 2044 trabatur;
375 1994 431 2035 00110
442 1994 483 2035 dici
494 1996 557 2036 debet
566 1998 633 2036 Deum
643 2008 706 2048 posse
717 1996 782 2051 talem
792 1998 924 2047 peccatorem
935 1995 961 2035 ad
972 2006 994 2034 sc
1004 2006 1036 2034 re-

158 2059 246 2108 ducere,
257 2059 289 2100 011
303 2060 406 2113 explicant
421 2061 509 2109 11011011,
523 2061 612 2111 sedeam
624 2064 646 2102 et
656 2061 733 2102 falsum
746 2063 778 2101 est
791 2060 862 2101 dicere
875 2073 879 2100 :
893 2061 911 2100 si
921 2063 979 2101 naus
992 2060 1035 2100 iam

157 2135 199 2163 non
208 2125 254 2165 vult
264 2125 384 2176 ignoscere,
398 2126 458 2176 sequi
468 2137 518 2165 eum
528 2126 571 2165 iam
581 2138 623 2165 non
634 2137 703 2178 posse.

185 2240 261 2295 Neque
271 2252 297 2281 ea
311 2237 461 2297 explicatione
476 2238 602 2297 quidquam
614 2237 675 2297 perit
684 2237 791 2296 potestati
806 2236 915 2291 clavium;
931 2251 985 2280 nam
995 2240 1034 2281 Ec.

156 2308 225 2352 alesia
238 2309 327 2368 accepit
342 2311 477 2367 potestatem
487 2308 617 2353 remittendi
627 2309 704 2352 omnia
714 2310 809 2367 peccata
821 2303 920 2366 quorum
928 2307 1033 2351 homiues
1059 2338 1061 2341 -

158 2379 198 2422 rite
214 2377 339 2438 poeniteat;
354 2380 372 2423 si
386 2381 467 2439 itaque
477 2382 528 2424 sunt
543 2393 600 2438 quos
612 2393 657 2435 non
667 2378 768 2438 poenitet
782 2381 804 2421 01
818 2378 858 2437 qui
870 2377 954 2423 nolunt
964 2392 1033 2434 agere

157 2450 331 2507 poenitentiam,
346 2450 449 2494 sacerdos
463 2451 497 2493 nil
511 2453 593 2509 potest,
611 2463 658 2493 non
672 2464 699 2492 ex
712 2448 803 2492 defectu
816 2449 942 2507 potestatis,
955 2448 1034 2493 sed'ex

157 2519 246 2563 defectu
252 2521 392 2563 necessariae
401 2520 552 2578 dispositionis
560 2534 618 2578 qnae
626 2519 818 2580 praerequiritur3
830 2518 878 2562 aliis
888 2520 974 2574 verbis,
983 2523 1032 2563 tum

156 2605 202 2634 non
209 2590 272 2634 celest
280 2590 375 2634 materia
384 2591 443 2634 circa
455 2605 523 2649 quam
532 2583 631 2649 potestas
639 2581 737 2634 exerceri
747 2590 823 2649 possit.
833 2593 902 2634 Porro
915 2591 967 2634 oum¹
974 2593 1031 2634 Deus

156 2677 233 2706 omnes
247 2662 351 2706 homines
365 2661 419 2706 velit
430 2661 502 2706 salvos
515 2661 566 2705 fieri
576 2664 597 2706 01
610 2676 663 2705 cum
676 2675 755 2705 omncs
768 2663 897 2720 peccatores
907 2662 1037 2705 invitentur,

156 2748 181 2777 ac
191 2733 282 2777 invitari
293 2732 392 2777 debcant
403 2732 432 2776 ad
440 2733 615 2792 poenitentiam,
628 2733 696 2777 ctiam
705 2732 752 2777 illis
763 2731 881 2776 obduratis
891 2746 938 2774 non
952 2731 1033 2775 desunt

156 2806 243 2860 gratiae
253 2819 307 2848 uere
317 2803 465 2859 sufficientes,
479 2803 563 2863 quibus
574 2818 626 2848 vere
637 2804 724 2864 possint
736 2819 759 2848 se
772 2804 911 2846 convertere.
923 2804 949 2846 ut
960 2802 978 2845 si
988 2802 1032 2846 illis

156 2889 234 2918 revera
244 2890 290 2918 non
301 2877 463 2933 cooperantur,
476 2875 502 2918 id
511 2890 556 2919 non
567 2876 640 2933 magis
652 2877 767 2935 repugnat
778 2886 848 2931 quam
857 2872 882 2916 in
893 2872 942 2917 aliis
951 2887 1031 2932 pecca-

95 2951 97 2957 ‘
157 2945 242 2991 toribus
257 2946 296 3003 qui
309 2947 376 2989 etiam
389 2947 466 3004 gratiis
481 2947 588 2990 resistunt
600 2951 621 2990 ct
632 2947 655 2991 in
664 2948 760 3005 peccato
770 2943 862 2987 mortali
875 2943 936 2988 diem
947 2945 1032 2988 obeunt

155 3029 296 3076 supremum.
307 3015 369 3059 Unde
380 3032 458 3061 censeo
470 3018 641 3077 explicationem
652 3017 730 3060 datam
740 3029 809 3074 quarn
820 3017 919 3072 arnultis
929 3030 1031 3074 compro-
1052 3039 1053 3042 =

156 3090 233 3133 batam
243 3087 346 3131 ridemus
355 3090 376 3129 et
388 3103 445 3146 [pirae
456 3089 529 3132 verbis
538 3089 606 3147 plane
616 3086 723 3143 congruit
735 3087 827 3131 ornnino
837 3088 943 3132 sustineri
955 3101 1029 3146 posse.

155 3162 210 3204 Nam
227 3159 281 3203 alias
298 3158 323 3202 in
339 3158 453 3202 similibus
467 3160 583 3202 sententiis
599 3173 647 3201 non
665 3160 739 3214 potest
755 3158 856 3212 exceptio
875 3158 951 3203 statui.
966 3160 999 3201 lta
1013 3158 1032 3201 si
