2239 3511
151 228 191 267 388
433 256 434 259 ,
512 232 589 260 arama.
605 223 624 268 8,
641 223 673 261 at.

144 324 203 374 -Reg
213 323 253 370 28.
264 321 304 371 lt),
314 333 339 360 ex
346 320 415 361 modis
422 318 526 371 loquendi
534 320 555 360 in
564 321 653 361 Psalmis
663 319 741 374 (77303
751 318 821 368 10l,7;
830 322 900 372 roae,
910 324 989 373 latua.
997 323 1031 363 ES-

152 386 293 438 30);Iob9,8;
304 386 330 426 ls.
340 385 467 435 ragalim.
477 387 520 434 t,t;
528 387 581 426 Hab.'
588 387 632 435 3,8;
642 387 687 426 lon.
697 386 766 433 t‚3-t6
774 386 959 439 (Handcom2Einl.
968 389 992 436 II,
1000 387 1028 441 d).

178 452 214 498 En,
225 453 257 491 tot
267 451 321 491 fiunt
334 453 430 499 conatus,
442 462 469 490 ne
479 451 607 492 miraculum
620 462 736 502 agnoscere
750 453 857 503 cogantur.
868 452 908 492 Sed
922 464 987 504 quam
997 465 1030 492 ar-

151 516 249 556 bitrario!
262 516 310 556 Sine
321 516 365 556 ullo
379 515 518 557 fundamento
529 517 645 557 assumitur
655 517 677 557 in
687 517 844 569 praedicatione
856 518 970 569 apostolica
982 529 1030 557 nar-

138 624 141 635 ·
151 581 244 621 rationes
253 593 299 621 esse
305 582 425 634 propositas
436 593 489 633 quas
499 581 541 633 ipsi
551 582 705 634 excogitassent
715 582 785 622 solum
795 584 820 622 ut
828 583 866 623 sub
874 583 911 622 tali
921 583 1029 623 involucro

140 648 175 693 lac
187 646 284 697 symbolo
298 646 418 687 doctrinam
432 647 547 687 traderent.
559 648 583 687 Et
597 647 615 687 si
629 647 676 699 quis
689 647 825 687 maiestatem
837 647 913 688 Christi
927 648 991 688 vellet
1004 648 1029 688 ad

140 747 141 750 ,
152 711 239 751 oculum
250 711 403 759 demonstrare,
415 715 471 752 certe
481 724 526 752 non
536 712 644 753 exhiberet
657 712 762 754 Christum
776 712 924 761 dormientem,
938 714 973 765 qui
983 714 1027 753 scil.
1065 746 1066 749 ,
1079 726 1080 729 ’

150 775 298 828 fatigationem
309 780 330 817 et
341 778 460 818 humanam
471 778 617 833 infirmitatem
628 779 650 818 in
661 791 683 820 se
695 779 723 819 ita
737 779 901 830 palamtaceret.
913 800 939 809 -
950 778 1029 819 Verum

152 840 204 893 ipsis
215 841 257 881 illis
266 842 331 883 variis
340 843 459 895 explicandi
470 842 540 882 modis
549 855 602 894 quos
611 844 708 884 recensui
719 845 740 883 et
748 854 802 895 quos
812 843 898 891 Paulus,
907 844 968 893 Hase,
978 844 1028 883 ilm-
1060 874 1061 877 η

151 904 208 954 mon,
218 907 407 954 Schleiermacher,
418 906 573 956 Weizsaecker,
582 908 652 956 Keim,
660 907 763 948 schenkel
774 910 812 948 etc.
821 908 844 948 in
852 907 947 948 medium
956 908 1028 948 attule-

150 974 207 1019 runt,
219 972 367 1025 patefit-error.
380 971 416 1013 Vis
428 971 485 1011 enim
493 972 620 1012 narrationis
628 975 659 1012 est
669 973 691 1012 in
698 973 761 1012 rebus
770 972 859 1024 singulis
866 972 1028 1025 particularibus
1043 973 1046 976 ’

151 1047 233 1076 summa
243 1037 379 1089 simplicitate
390 1038 411 1077 et
421 1036 503 1089 integra
511 1036 632 1077 sinceritate
640 1037 718 1083 relatis.
726 1037 784 1077 Talia
794 1040 865 1078 autem
876 1050 945 1090 neque
956 1038 1028 1078 oriun-
1048 1037 1049 1040 ’

149 1095 184 1141 tur
197 1098 267 1153 neque
277 1103 408 1154 explicantur
421 1099 464 1141 illis
474 1101 568 1142 artificiis
582 1104 651 1143 multo
665 1115 714 1143 cnm
727 1103 804 1143 sudore
815 1103 945 1154 excogitatis.

176 1167 284 1218 Frequens
296 1169 328 1207 est
338 1170 359 1207 et
371 1167 433 1208 obvia
443 1167 506 1207 huius
517 1170 607 1208 eventus
619 1167 733 1220 applicatio
745 1171 766 1208 et
776 1168 802 1208 ad
814 1168 930 1208 Ecclesiam
941 1169 1027 1209 univer·
1043 1188 1045 1191 ·

150 1243 195 1271 sam
203 1234 223 1272 et
231 1233 257 1272 ad
268 1232 361 1284 singulas
369 1232 459 1272 animas.
468 1233 512 1272 lam
524 1232 666 1272 Tertullianus
675 1231 749 1273 scribit
758 1245 762 1272 :
773 1248 782 1269 c
793 1233 889 1273 navicula
897 1234 933 1274 illa
940 1235 1026 1285 figuram
1078 1255 1079 1259 =

150 1297 256 1337 Ecclesiae
266 1298 407 1349 praelerebat,
419 1298 476 1348 quod
486 1298 507 1337 in
517 1299 578 1345 mari,
591 1299 612 1338 id
623 1301 655 1337 est
666 1298 758 1346 saeculo,
770 1298 901 1338 fluctibus'id
912 1302 944 1338 est
954 1311 1026 1351 perse-

150 1362 272 1402 cutionibus
284 1365 305 1402 et
313 1362 467 1403 tentationibus
477 1363 609 1414 inquietatur
618 1364 709 1403 Domino
719 1369 759 1414 per'
767 1363 892 1414 patientiam
902 1364 967 1404 veluti
978 1365 1025 1405 dor-

150 1427 241 1474 miente,
257 1428 326 1467 donec
346 1427 478 1469 orationibus
496 1430 617 1468 sanctorum
635 1428 658 1467 in
673 1428 757 1468 ultimis
777 1428 890 1468 suscitatus
907 1433 1027 1481 compescat

150 1492 259 1532 saeculum
273 1495 294 1532 et
306 1492 483 1544 tranquillitatem
497 1493 541 1532 snis
557 1493 632 1533 reddat
647 1508 657 1530 a
674 1492 708 1546 (de
724 1492 829 1544 baptismo
843 1494 878 1545 tE;
894 1494 922 1533 M.
937 1494 1024 1543 alata.

149 1558 218 1608 Atque
227 1569 265 1609 per
276 1558 359 1610 singula
369 1558 421 1598 haec
434 1557 549 1598 similitudo
563 1558 690 1610 describitur
700 1558 725 1598 ab
736 1559 821 1597 auctore
836 1555 868 1611 op.
882 1558 932 1612 torp.
944 1571 950 1598 .·
961 1574 970 1595 e
983 1572 1026 1600 non

86 1672 88 1676 f
148 1625 180 1661 est
191 1622 280 1663 dubium
288 1623 432 1663 navemistam
444 1623 561 1663 Ecclesiam
568 1624 694 1675 figurasse...
703 1622 798 1663 Ecclesia
809 1622 866 1662 enim
877 1623 1025 1675 navigantibus

147 1687 256 1738 apostolis,
267 1689 400 1740 gubernante
413 1688 511 1736 Domino,
523 1688 586 1728 flante
599 1688 678 1739 Spiritu
691 1690 771 1735 sancto,
783 1687 947 1739 praedicationis
960 1691 1025 1730 verbo

146 1752 228 1803 ubique
239 1753 340 1793 discurrit
350 1756 436 1806 portans
447 1764 520 1793 secum
533 1765 635 1805 magnum
646 1755 666 1793 et
676 1752 824 1793 inaestimable
835 1753 954 1804 pretium...
966 1766 1024 1794 mare

147 1818 257 1857 saeculum
267 1818 402 1870 intelligitur,
414 1818 471 1869 quod
479 1830 491 1857 a
498 1806 585 1858 diversis
596 1818 688 1869 peccatis
699 1819 719 1857 et
727 1817 792 1856 variis
803 1818 957 1859 tentationibus
967 1820 1024 1860 velut

147 1882 276 1933 quibusdam
291 1883 391 1929 fluctibus
406 1884 515 1922 aestuat...
529 1883 588 1922 venti
602 1885 674 1923 autem
688 1882 797 1933 nequitiae
812 1882 932 1934 spirituales
948 1886 969 1923 et
982 1884 1023 1924 im-

146 1948 223 1987 mundi
230 1948 319 1999 spiritus
328 1948 478 1999 intelliguntur
486 1948 522 1998 qui
533 1948 559 1987 ad
569 1948 705 1999 naufragium
715 1947 821 1987 Ecclesiae
831 1959 869 1998 per
877 1948 969 2002 diversas
978 1961 1023 1990 sae-

146 2013 187 2052 culi
198 2013 329 2053 tentationes
339 2013 442 2064 velutper
452 2013 529 2053 fluctus
538 2013 601 2052 maris
612 2013 743 2053 desaeviunt.
754 2012 850 2051 Dormire
860 2024 910 2053 vero
920 2014 1023 2055 Dominus

146 2078 170 2117 in
181 2078 222 2118 hac
235 2078 284 2118 navi
299 2082 345 2118 tum
360 2077 492 2129 intelligitur,
508 2089 555 2117 cum
569 2078 758 2129 adprobationem
772 2077 821 2117 fidei
835 2078 950 2118 Ecclesiam
965 2091 1023 2120 suam

146 2144 252 2194 pressuris
266 2154 290 2183 ac
303 2143 488 2194 persecutionibus
502 2142 578 2182 mundi
592 2143 655 2182 istius
670 2142 747 2182 tentari
760 2142 876 2193 permittit3
892 2144 958 2183 oratio
974 2157 1023 2185 vero

146 2208 298 2260 discipulorum
310 2211 331 2248 et
341 2208 482 2249 excitantium
494 2208 609 2247 Dominum
623 2210 643 2247 et
654 2206 760 2247 auxilium
773 2207 935 2259 implorantium
950 2221 1022 2261 preces

146 2276 268 2313 sanctorum
279 2273 377 2313 omnium
388 2272 531 2313 ostenduntur
542 2288 552 2309 a
564 2275 615 2321 eto.;
626 2272 723 2313 similiter
731 2270 789 2311 Beda
800 2285 806 2311 ι
817 2287 826 2309 a
836 2276 888 2313 sunt
897 2273 933 2325 qui
944 2274 1022 2327 allego-

145 2338 188 2378 rico
201 2339 256 2378 hanc
268 2339 387 2378 naviculam
399 2341 533 2391 praesentem
543 2338 617 2377 volunt
631 2338 748 2389 significare
758 2338 879 2385 Ecclesiam,
891 2341 965 2379 ventos
978 2352 1022 2380 ma-

145 2404 215 2456 lignos
228 2404 316 2456 spiritus
329 2407 350 2443 et
361 2403 458 2443 homines
472 2403 559 2454 iniquos
571 2403 608 2453 qui
619 2403 740 2442 desiderant
750 2405 774 2441 ut
787 2403 881 2442 Ecclesia
893 2402 991 2444 fluctibus
1002 2409 1023 2445 et

145 2469 250 2520 pressuris
263 2469 415 2519 immergatur;
430 2468 467 2507 sed
481 2467 531 2506 licet
545 2468 605 2506 Iesus
618 2468 644 2507 ad
661 2472 747 2518 tempus
760 2467 861 2507 auxilium
879 2468 1021 2510 subtrahendo

146 2533 239 2573 dormire
252 2533 355 2581 videatur,
368 2531 467 2585 precibus
480 2534 552 2571 tamen
565 2532 661 2572 honestis
675 2531 788 2571 suscitatus
803 2532 945 2583 malignorum
960 2535 1022 2587 spiri-

144 2602 207 2639 tuum
222 2598 372 2638 incitationem
389 2608 524 2649 compescere
540 2596 590 2637 tacit
607 2600 629 2637 et
642 2598 804 2649 persecutorum
817 2597 886 2637 minas
902 2599 985 2651 mitigat
1002 2604 1023 2648 et

144 2666 208 2705 flante
223 2676 273 2705 aura
289 2664 380 2716 Spiritus
396 2663 462 2703 sancti
477 2663 593 2703 Ecclesiam
607 2663 633 2703 ad
648 2665 747 2703 aeternae
762 2662 841 2715 quietis
854 2666 939 2715 portum
954 2676 1022 2716 usque

144 2730 250 2782 perducit.
261 2730 397 2781 (tropologice
407 2731 479 2769 autem
489 2740 528 2768 nos
539 2728 618 2781 singuli
630 2728 734 2768 catholica
744 2727 785 2767 fide
796 2728 873 2768 imbuti
884 2739 961 2768 navem
971 2741 1021 2769 con-

91 2845 93 2847 ·
145 2796 273 2842 scandimus,
282 2807 339 2835 mare
347 2806 396 2834 cum
404 2795 453 2834 lesu
460 2794 549 2834 transire
558 2805 665 2841 conamur,
675 2794 711 2845 qui
719 2793 781 2832 nobis
790 2792 850 2844 quasi
859 2792 915 2832 inter
924 2796 1022 2845 aequoris

145 2861 243 2900 fremitus
253 2861 369 2907 obdormit,
380 2860 465 2913 quando
475 2860 620 2899 crebrescente
633 2858 794 2899 immundorum
809 2856 922 2908 spirituum
932 2860 964 2899 vel
975 2872 1021 2912 pra-

144 2937 220 2965 vorum
232 2926 343 2966 hominum
354 2926 437 2977 impetu
450 2925 506 2965 inter
516 2924 597 2965 medios
608 2924 710 2964 virtutum
724 2923 782 2962 nisus
793 2921 842 2961 fidei
853 2923 954 2974 splendor
964 2926 1022 2979 obte-

143 2990 257 3037 nebrescit,
268 2992 313 3041 spei
322 2990 527 3031 celsitudotabescit.
537 2992 614 3031 Verum
625 2990 680 3029 inter
688 2987 811 3028 huiusmodi
821 2989 925 3039 procellas
934 3001 1021 3031 necesse

144 3060 176 3097 est
186 3059 210 3097 ut
219 3056 279 3095 illum
288 3056 362 3095 sedulo
372 3056 496 3105 excitemus,
508 3056 600 3107 qualiter
608 3056 654 3106 ipse
661 3054 789 3105 gubernator
796 3054 858 3094 nobis
869 3054 941 3094 salutis
951 3055 1020 3095 indul-

142 3125 192 3175 geat
205 3122 257 3162 litus
273 3137 282 3158 »
296 3122 335 3161 etc.
351 3122 376 3160 Et
390 3120 412 3159 S.
427 3120 499 3160 Brimo
512 3133 518 3160 ,·
534 3137 543 3157 a
559 3120 628 3168 nobis,
643 3119 724 3166 fratres,
739 3119 798 3159 nobis
815 3119 870 3159 fiunt
884 3120 949 3160 ista...
965 3120 1020 3161 lesus

143 3188 240 3240 quamvis
252 3199 295 3227 non
309 3184 411 3233 dormiat,
427 3185 519 3233 dormire
534 3188 606 3225 tamen
618 3183 709 3233 videtur,
724 3184 807 3237 quando
819 3185 903 3237 tyranni
916 3185 1019 3235 saeviunt,
