2239 3511
123 168 164 209 '178
480 181 557 210 ninrrn.
573 172 591 218 3,
608 170 647 236 7-9.

127 269 181 313 facit
194 270 328 328 :properus
344 269 472 328 viperarum
482 270 497 312 i.
511 283 531 312 e.
548 269 645 327 pessima
660 268 747 312 soboles
764 268 878 312 malorum
896 269 1004 328 progeni-

81 388 82 391 *
127 344 215 393 torum,
228 339 311 399 quibus
323 340 400 401 itaque
414 340 514 398 pravitas
524 342 545 383 et
558 339 666 397 iniquitas
681 340 745 398 quasi
755 338 804 383 iure
818 338 957 383 hereditario
972 342 1004 385 est

126 411 265 455 transmissa.
284 414 344 462 Quae
362 411 391 454 sit
409 411 472 454 notio
488 410 602 468 colligitur
619 425 644 454 ex
659 413 685 454 Is.
703 413 755 465 59,5
772 412 793 454 et
808 413 843 455 Ps.
860 413 926 463 57‚5;
945 409 1003 453 desi-

127 483 228 538 gnantur
240 482 440 541 hominespeooati
452 496 539 526 veneno
557 481 644 538 inlecti,
661 481 711 526 aliis
727 496 817 541 quoquc
833 480 934 525 maxime
950 495 1002 539 per-

127 552 220 609 niciosi,
245 553 351 598 obdurati
373 556 395 597 et
418 556 562 598 contumaces
582 553 611 597 ad
632 568 723 598 omnem
743 552 933 597 exhortationem.
957 554 1001 596 Hac

127 624 263 682 gravissima
275 625 456 684 reprehensione·
462 626 496 670 illi
505 626 647 685 excipiuntur
658 625 697 686 qui
705 624 774 669 veluti
785 624 853 688 duces
863 638 889 667 ao
899 623 1002 667 doctores

127 696 208 756 populi
221 699 368 756 reputantem
385 712 455 757 equare
470 697 611 755 evangelista
625 696 698 742 statim
715 696 744 741 ab
761 695 825 740 initio
837 694 904 739 nobis
918 693 1004 738 indicat
1021 690 1022 693 ’

127 767 206 827 quales
217 782 316 825 regnum
330 769 444 813 coelorum
460 769 646 830 appropinquans
660 768 792 813 habiturum
807 768 834 812 sit
850 765 1000 821 adversarios,

128 839 207 898 quales
217 841 300 890 misera
311 839 374 899 plebs
387 840 522 884 seductores.

156 912 198 954 Eos
211 914 287 955 autem
306 911 487 969 cuni'tamquam
500 910 542 954 filii
557 911 671 955 Abraham
687 926 709 955 se
722 915 826 955 censeant
843 915 887 955 Deo
901 917 1003 973 acceptos

126 996 201 1040 neque
219 982 266 1025 ulla
280 981 384 1038 indigere
399 982 542 1041 poenitentia
561 983 619 1025 iram
636 981 737 1027 divinam
756 981 857 1039 effugere
875 998 922 1028 non
939 1000 1002 1044 posse

126 1055 220 1097 loannes
231 1053 332 1110 graviter
342 1056 417 1097 monet
430 1053 480 1112 quis
488 1052 647 1097 deruonstruoit
659 1051 719 1097 oobr's
729 1053 809 1112 supere
819 1068 834 1097 e
844 1062 941 1099 uenture
951 1056 1002 1100 ire?
1012 1061 1014 1065 '

108 1143 110 1147 ’
125 1127 158 1179 τίς
173 1123 284 1183 ὑπέδειξας
299 1130 349 1189 quis
362 1130 440 1174 docuit
451 1130 505 1174 vos?
518 1130 533 1174 i.
549 1146 568 1176 e.
580 1145 627 1175 non
638 1134 670 1175 est
681 1131 719 1189 qui
730 1145 769 1175 vos
778 1130 891 1187 docuerit;
907 1132 1001 1178 minime
1016 1135 1017 1139 ’

104 1203 106 1205 ’
126 1201 240 1263 effugietis
254 1201 364 1245 ultionem
377 1204 504 1246 venturam.
521 1192 604 1247 Eodem
619 1217 684 1246 sensu
698 1202 798 1246 Christus
808 1216 845 1247 eos
855 1204 1001 1262 postmodum

87 1292 88 1295 ¹
126 1273 286 1332 compellavit:
299 1276 413 1331 serpentes
423 1273 541 1330 genimina
549 1274 687 1333 viperarum,
697 1272 809 1332 quomodo
819 1274 913 1330 fugietis
920 1290 934 1318 a
942 1275 1002 1319 iudi-

126 1344 162 1388 cio
172 1344 306 1401 gehennae?
317 1343 345 1388 of.
363 1345 419 1403 Lep.
436 1344 499 1402 Spin.
518 1344 590 1389 Celer.
606 1347 666 1388 Patr.
682 1344 784 1400 Seianam
797 1343 859 1403 quod
877 1345 916 1389 alii
929 1360 1001 1405 quan-

126 1414 204 1474 doque
219 1415 299 1459 vclunt
317 1414 387 1459 verba
406 1429 451 1473 esse
469 1415 601 1459 admirantis
627 1415 687 1475 qnod
708 1415 827 1459 hominum
851 1430 923 1472 genus
945 1417 1003 1466 adeo,

124 1500 258 1545 perversum
270 1485 325 1530 velit
339 1486 470 1545 resipiscere
481 1486 589 1545 (Tlieoplr.
602 1486 656 1531 Fab.
677 1487 725 1531 Cei.
737 1488 822 1544 leuel,
835 1490 930 1546 propter
938 1503 1001 1532 conr-

125 1558 271 1616 pellat-ionem
282 1559 405 1616 etproptcr
419 1572 439 1600 v.
452 1561 465 1600 9
480 1572 526 1615 seq.
542 1556 631 1601 admitti
646 1556 732 1616 nequit.
748 1559 843 1601 Vocatur
856 1557 892 1601 ire
904 1568 1001 1604 actitare

124 1628 181 1673 ultio
195 1631 217 1672 et
229 1627 331 1672 vindicta
346 1629 384 1671 Dei
400 1628 556 1688 peccatoribus
568 1629 699 1683 imminens;
717 1631 784 1689 atquc
800 1629 861 1673 hano
870 1629 939 1685 simul
949 1645 1001 1675 cum

125 1714 197 1758 regno
217 1699 331 1744 coelorum
345 1700 543 1758 appropinquante
556 1700 632 1744 adfore
646 1702 738 1743 loannes
754 1699 833 1743 eodem
848 1700 917 1744 modo
936 1702 1002 1745 docet

125 1786 171 1830 quo
186 1770 311 1830 prophetae
327 1771 373 1813 iam
386 1770 502 1814 vaticinati
519 1774 583 1814 erant
601 1771 668 1814 simul
683 1785 735 1814 cum
753 1770 918 1816 instauratione
935 1772 1000 1816 theo-

125 1842 209 1886 cretiae
221 1842 270 1886 fore
282 1845 309 1885 ut
324 1843 381 1884 Deus
398 1842 530 1898 gravissime
540 1835 566 1885 ¹in
584 1841 658 1885 hostes
674 1854 724 1885 suos
735 1841 911 1897 animadvertat;
928 1843 958 1887 cfj
972 1837 998 1888 1ss

125 1917 204 1969 597113
217 1917 324 1971 56,9seq.
338 1915 428 1966 63‚t-6;
442 1916 507 1966 66,15
519 1915 540 1956 et
549 1912 684 1971 praeprimis
691 1912 739 1957 Mal
752 1916 797 1967 39.
809 1917 829 1956 3.
846 1916 906 1963 Quae
917 1913 951 1957 ira
962 1915 1001 1959 Dei

125 1987 149 2028 ut
161 1984 292 2041 effugietur,
304 1983 446 2042 poenitentia
458 1997 513 2042 opus
524 1987 566 2036 est3
577 1983 620 2027 hac
630 1985 705 2027 autem
714 1983 748 2027 illi
756 1998 779 2027 se
789 1984 895 2040 indigere
906 1989 999 2042 negant,

123 2056 157 2099 uti
169 2069 196 2099 ex
205 2070 227 2100 v.
240 2060 252 2099 9
262 2055 372 2114 sequitur.
384 2053 484 2102 Ostendit
493 2055 569 2113 itaque
578 2057 671 2099 loannes
678 2054 733 2112 quid
742 2068 809 2110 agere
819 2054 919 2099 debeant
926 2056 945 2099 si
953 2071 1000 2101 om-

124 2127 180 2170 nino
193 2125 304 2170 iudicium
316 2125 439 2170 imminens
452 2126 522 2169 velint
535 2125 635 2182 effugere
643 2141 665 2170 v.
679 2129 693 2169 8
704 2125 773 2184 serite
783 2140 835 2184 erpo
844 2126 950 2183 drictum
965 2126 1000 2171 di-

123 2212 195 2257 qnum
206 2196 359 2256 poeniteutiae
375 2196 391 2241 i.
407 2212 427 2241 e.
444 2197 463 2241 si
475 2211 521 2242 non
533 2196 600 2241 vultis
613 2195 713 2241 exscindi
723 2200 744 2241 et
753 2196 777 2239 in
786 2197 864 2254 ignem
875 2196 958 2257 proiici
968 2198 1002 2242 nti

124 2269 194 2313 arbor
203 2268 351 2321 infructuosa,
365 2282 435 2327 quam
445 2268 532 2312 arboris
540 2268 665 2325 imaginem
675 2282 695 2312 v.
709 2272 735 2314 10
748 2268 852 2326 explicite
861 2253 1001 2328 propositam

123 2340 163 2385 hio
173 2340 221 2384 iam
235 2340 265 2384 ob
275 2339 353 2383 oculos
367 2339 444 2384 hahet.
462 2339 524 2383 Talia
537 2339 614 2399 itaque
629 2339 696 2383 edant
710 2353 779 2400 opera
792 2338 876 2398 quibus
886 2341 963 2398 pateat
978 2354 1002 2383 se

124 2411 242 2470 poenitere
258 2410 329 2455 etad
349 2410 467 2454 meliorem
481 2410 572 2466 frugem
591 2413 714 2463 revertere3
733 2427 744 2450 u
763 2408 813 2453 date
832 2423 939 2468 operam,
957 2424 1001 2454 non

125 2480 210 2535 verbo,
225 2480 264 2524 sed
276 2495 301 2525 re
317 2480 378 2538 ipsa,
395 2480 559 2538 resipiscentia,
577 2480 681 2539 inquam,
696 2479 815 2538 studioque
828 2480 948 2535 virtutum,
964 2481 1003 2540 qui

124 2551 279 2613 poenitentiae
289 2550 438 2598 suntvfruetus
449 2569 459 2592 a
475 2550 567 2608 (Patr.);
579 2550 606 2594 cf.
619 2553 665 2595 Act.
678 2554 755 2604 96‚99;
768 2568 779 2591 u
793 2550 856 2595 vides
866 2551 923 2610 quid
932 2550 1001 2606 dicat,

126 2624 235 2684 quoniam
247 2637 294 2666 non
312 2624 400 2682 oportet
412 2622 483 2666 solum
498 2621 577 2679 lugere
592 2621 711 2678 malitiam,
728 2621 767 2666 scd
778 2622 847 2666 etiam
857 2622 945 2667 fructus
958 2623 1001 2665 vir-

126 2696 179 2741 tutis
188 2696 262 2740 fecere
274 2712 284 2735 »
301 2693 428 2755 (Templa).
752 2753 755 2756 Α

155 2770 202 2818 Qua
212 2769 289 2811 autem
299 2767 389 2810 funesta
398 2766 544 2825 persuasione
553 2765 611 2824 eapti
621 2765 665 2809 siut
675 2768 697 2809 et
707 2766 737 2810 ab
751 2764 911 2809 emendatione
922 2764 999 2819 alieni,

127 2839 245 2898 exponitur
257 2853 280 2882 v.
295 2842 307 2881 9
322 2844 343 2882 et
355 2852 382 2881 ne
395 2836 469 2881 uelitis
482 2837 554 2882 dicere
566 2837 626 2880 sistra
636 2851 685 2890 eos,
703 2836 765 2896 apud
779 2849 818 2879 vos
831 2835 931 2892 cogitare
942 2839 964 2879 et
976 2851 1003 2879 ea

126 2908 238 2953 sententia
247 2921 285 2953 vos
299 2911 360 2952 tutos
373 2908 501 2953 existimare
514 2910 536 2951 et
549 2907 643 2951 heredes
654 2907 719 2964 regni
729 2905 768 2964 Dei
780 2920 784 2950 :
792 2914 885 2965 petrem
894 2905 1002 2950 debentur

126 2978 255 3032 Abrohom,
272 2979 308 3022 cui
323 2979 370 3024 soil.
390 2983 412 3023 et
428 2978 492 3023 cuius
506 2978 586 3023 semini
600 2977 756 3037 promissiones
773 2977 845 3021 iactae
861 2980 926 3031 sunt}
942 2976 1001 3020 unde

125 3051 211 3107 exitiali
227 3051 372 3109 persuasione
387 3050 540 3109 opinabantur
558 3048 601 3093 sihi
614 3047 679 3108 quasi
692 3048 740 3092 iure
755 3049 856 3107 quodem
870 3048 949 3092 deberi
965 3061 1001 3091 re-

125 3137 199 3182 gnum
218 3121 258 3165 Ilei
272 3123 294 3163 et
310 3135 333 3164 sc
351 3135 397 3165 esse
415 3136 440 3164 eo
453 3122 502 3180 ipso
517 3120 576 3179 quod
587 3119 615 3162 ab
628 3119 742 3164 Abraham
753 3119 892 3164 descendant
910 3121 1002 3176 gentem
