<?xml version="1.0" encoding="UTF-8"?>
<!DOCTYPE html PUBLIC "-//W3C//DTD XHTML 1.0 Transitional//EN"
    "http://www.w3.org/TR/xhtml1/DTD/xhtml1-transitional.dtd">
<html xmlns="http://www.w3.org/1999/xhtml" xml:lang="en" lang="en">
 <head>
  <title>
</title>
<meta http-equiv="Content-Type" content="text/html;charset=utf-8" />
  <meta name='ocr-system' content='tesseract 3.04.00' />
  <meta name='ocr-capabilities' content='ocr_page ocr_carea ocr_par ocr_line ocrx_word'/>
</head>
<body>
  <div class='ocr_page' id='page_1' title='image "./MN41446ucmf_0_0255.png"; bbox 0 0 2211 3575; ppageno 0'>
   <div class='ocr_carea' id='block_1_1' title="bbox 406 196 943 257">
    <p class='ocr_par' dir='ltr' id='par_1_1' title="bbox 406 196 943 257">
     <span class='ocr_line' id='line_1_1' title="bbox 406 196 943 257; baseline 0.011 -10"><span class='ocrx_word' id='word_1_1' title='bbox 406 218 482 248; x_wconf 77' lang='lat' dir='ltr'>curru.</span> <span class='ocrx_word' id='word_1_2' title='bbox 499 208 518 257; x_wconf 74' lang='lat' dir='ltr'>ll,</span> <span class='ocrx_word' id='word_1_3' title='bbox 535 207 593 247; x_wconf 75' lang='lat'>5-11.</span> <span class='ocrx_word' id='word_1_4' title='bbox 667 250 669 254; x_wconf 76' lang='grc'>,</span> <span class='ocrx_word' id='word_1_5' title='bbox 780 196 783 198; x_wconf 52' lang='lat'>,</span> <span class='ocrx_word' id='word_1_6' title='bbox 905 214 943 253; x_wconf 74' lang='lat' dir='ltr'>hcl</span> 
     </span>
    </p>
   </div>
   <div class='ocr_carea' id='block_1_2' title="bbox 16 304 1009 795">
    <p class='ocr_par' dir='ltr' id='par_1_2' title="bbox 16 304 1009 795">
     <span class='ocr_line' id='line_1_2' title="bbox 64 304 942 369; baseline 0.005 -22"><span class='ocrx_word' id='word_1_7' title='bbox 64 304 161 348; x_wconf 87' lang='lat' dir='ltr'>tentatus</span> <span class='ocrx_word' id='word_1_8' title='bbox 172 307 297 366; x_wconf 85' lang='lat' dir='ltr'>peremnia</span> <span class='ocrx_word' id='word_1_9' title='bbox 307 309 506 368; x_wconf 85' lang='lat' dir='ltr'>prosimilitudine</span> <span class='ocrx_word' id='word_1_10' title='bbox 516 308 602 369; x_wconf 86' lang='lat' dir='ltr'>absque</span> <span class='ocrx_word' id='word_1_11' title='bbox 612 311 705 368; x_wconf 88' lang='lat' dir='ltr'>peccato</span> <span class='ocrx_word' id='word_1_12' title='bbox 721 308 796 368; x_wconf 85' lang='lat' dir='ltr'>(Hebr.</span> <span class='ocrx_word' id='word_1_13' title='bbox 813 305 883 365; x_wconf 67' lang='lat' dir='ltr'>hdo).</span> <span class='ocrx_word' id='word_1_14' title='bbox 897 305 942 350; x_wconf 81' lang='lat' dir='ltr'>Ad-</span> 
     </span>
     <span class='ocr_line' id='line_1_3' title="bbox 64 374 988 440; baseline 0.003 -22"><span class='ocrx_word' id='word_1_15' title='bbox 64 374 97 419; x_wconf 89' lang='lat' dir='ltr'>dit</span> <span class='ocrx_word' id='word_1_16' title='bbox 110 377 170 421; x_wconf 75' lang='lat' dir='ltr'>loris.</span> <span class='ocrx_word' id='word_1_17' title='bbox 185 377 299 433; x_wconf 81' lang='lat' dir='ltr'>Christum</span> <span class='ocrx_word' id='word_1_18' title='bbox 313 382 395 425; x_wconf 88' lang='lat' dir='ltr'>tentari</span> <span class='ocrx_word' id='word_1_19' title='bbox 408 380 516 436; x_wconf 85' lang='lat' dir='ltr'>voluisse,</span> <span class='ocrx_word' id='word_1_20' title='bbox 532 381 667 440; x_wconf 70' lang='lat' dir='ltr'>priusquam</span> <span class='ocrx_word' id='word_1_21' title='bbox 684 380 843 438; x_wconf 89' lang='lat' dir='ltr'>evangelicum</span> <span class='ocrx_word' id='word_1_22' title='bbox 859 391 943 422; x_wconf 89' lang='lat' dir='ltr'>munus</span> <span class='ocrx_word' id='word_1_23' title='bbox 986 418 988 422; x_wconf 83' lang='grc'>,</span> 
     </span>
     <span class='ocr_line' id='line_1_4' title="bbox 64 438 1009 510; baseline 0.003 -19"><span class='ocrx_word' id='word_1_24' title='bbox 64 438 246 505; x_wconf 49' lang='lat' dir='ltr'>aggrederetur,</span> <span class='ocrx_word' id='word_1_25' title='bbox 258 465 302 510; x_wconf 87' lang='lat' dir='ltr'>quo</span> <span class='ocrx_word' id='word_1_26' title='bbox 320 452 411 497; x_wconf 85' lang='lat' dir='ltr'>doceret</span> <span class='ocrx_word' id='word_1_27' title='bbox 428 455 478 496; x_wconf 87' lang='lat' dir='ltr'>tum</span> <span class='ocrx_word' id='word_1_28' title='bbox 495 452 589 496; x_wconf 71' lang='lat' dir='ltr'>(lenium</span> <span class='ocrx_word' id='word_1_29' title='bbox 610 452 654 496; x_wconf 90' lang='lat' dir='ltr'>hoc</span> <span class='ocrx_word' id='word_1_30' title='bbox 671 453 798 510; x_wconf 86' lang='lat' dir='ltr'>negotium·</span> <span class='ocrx_word' id='word_1_31' title='bbox 808 456 869 496; x_wconf 87' lang='lat' dir='ltr'>recte</span> <span class='ocrx_word' id='word_1_32' title='bbox 883 449 942 495; x_wconf 86' lang='lat' dir='ltr'>obiri</span> <span class='ocrx_word' id='word_1_33' title='bbox 1006 498 1009 502; x_wconf 26' lang='lat'><strong>⁴</strong></span> 
     </span>
     <span class='ocr_line' id='line_1_5' title="bbox 64 521 941 584; baseline 0.003 -22"><span class='ocrx_word' id='word_1_34' title='bbox 64 530 138 578; x_wconf 67' lang='lat' dir='ltr'>posse,</span> <span class='ocrx_word' id='word_1_35' title='bbox 155 535 207 565; x_wconf 87' lang='lat' dir='ltr'>curn</span> <span class='ocrx_word' id='word_1_36' title='bbox 222 521 272 581; x_wconf 88' lang='lat' dir='ltr'>quis</span> <span class='ocrx_word' id='word_1_37' title='bbox 291 524 355 582; x_wconf 85' lang='lat' dir='ltr'>prius</span> <span class='ocrx_word' id='word_1_38' title='bbox 368 524 476 584; x_wconf 86' lang='lat' dir='ltr'>probatus</span> <span class='ocrx_word' id='word_1_39' title='bbox 491 523 562 567; x_wconf 80' lang='lat' dir='ltr'>variis</span> <span class='ocrx_word' id='word_1_40' title='bbox 577 523 742 568; x_wconf 82' lang='lat' dir='ltr'>tentationibus</span> <span class='ocrx_word' id='word_1_41' title='bbox 761 523 865 581; x_wconf 85' lang='lat' dir='ltr'>superior</span> <span class='ocrx_word' id='word_1_42' title='bbox 871 521 941 566; x_wconf 79' lang='lat' dir='ltr'>&#39;omni</span> 
     </span>
     <span class='ocr_line' id='line_1_6' title="bbox 16 585 939 654; baseline 0.003 -21"><span class='ocrx_word' id='word_1_43' title='bbox 16 651 18 653; x_wconf 21' lang='grc' dir='ltr'>Ι</span> <span class='ocrx_word' id='word_1_44' title='bbox 65 592 245 651; x_wconf 86' lang='lat' dir='ltr'>concupiscentia</span> <span class='ocrx_word' id='word_1_45' title='bbox 251 595 380 654; x_wconf 83' lang='lat' dir='ltr'>voluptatis,</span> <span class='ocrx_word' id='word_1_46' title='bbox 389 593 489 647; x_wconf 69' lang='lat' dir='ltr'>honoris</span> <span class='ocrx_word' id='word_1_47' title='bbox 498 593 631 637; x_wconf 84' lang='lat' dir='ltr'>divitiarum</span> <span class='ocrx_word' id='word_1_48' title='bbox 637 593 717 648; x_wconf 78' lang='lat' dir='ltr'>tuerit3</span> <span class='ocrx_word' id='word_1_49' title='bbox 727 596 749 636; x_wconf 86' lang='lat' dir='ltr'>ct</span> <span class='ocrx_word' id='word_1_50' title='bbox 756 585 860 636; x_wconf 82' lang='lat' dir='ltr'>similiter</span> <span class='ocrx_word' id='word_1_51' title='bbox 868 592 939 638; x_wconf 82' lang='lat' dir='ltr'>llicld.</span> 
     </span>
     <span class='ocr_line' id='line_1_7' title="bbox 63 661 942 725; baseline 0.003 -21"><span class='ocrx_word' id='word_1_52' title='bbox 63 661 136 705; x_wconf 69' lang='lat' dir='ltr'>&#39;Saloe</span> <span class='ocrx_word' id='word_1_53' title='bbox 150 665 203 709; x_wconf 84' lang='lat' dir='ltr'>Bor.</span> <span class='ocrx_word' id='word_1_54' title='bbox 221 665 350 725; x_wconf 76' lang='lat' dir='ltr'>Goier·idpe;</span> <span class='ocrx_word' id='word_1_55' title='bbox 362 665 413 709; x_wconf 83' lang='lat' dir='ltr'>vide</span> <span class='ocrx_word' id='word_1_56' title='bbox 430 679 520 724; x_wconf 88' lang='lat' dir='ltr'>quoque</span> <span class='ocrx_word' id='word_1_57' title='bbox 536 667 558 708; x_wconf 87' lang='lat' dir='ltr'>S.</span> <span class='ocrx_word' id='word_1_58' title='bbox 574 664 768 722; x_wconf 21' lang='lat' dir='ltr'>Augustinunrfin</span> <span class='ocrx_word' id='word_1_59' title='bbox 782 679 819 723; x_wconf 87' lang='lat' dir='ltr'>ep.</span> <span class='ocrx_word' id='word_1_60' title='bbox 834 667 896 708; x_wconf 87' lang='lat' dir='ltr'>toan.</span> <span class='ocrx_word' id='word_1_61' title='bbox 913 662 942 707; x_wconf 89' lang='lat' dir='ltr'>ad</span> 
     </span>
     <span class='ocr_line' id='line_1_8' title="bbox 67 734 818 795; baseline 0.004 -19"><span class='ocrx_word' id='word_1_62' title='bbox 67 734 159 778; x_wconf 87' lang='lat' dir='ltr'>Parthos</span> <span class='ocrx_word' id='word_1_63' title='bbox 171 739 236 781; x_wconf 87' lang='lat' dir='ltr'>tract.</span> <span class='ocrx_word' id='word_1_64' title='bbox 251 741 301 781; x_wconf 74' lang='lat' dir='ltr'>an.</span> <span class='ocrx_word' id='word_1_65' title='bbox 317 741 355 791; x_wconf 79' lang='lat' dir='ltr'>1a3</span> <span class='ocrx_word' id='word_1_66' title='bbox 370 738 402 780; x_wconf 90' lang='lat' dir='ltr'>M.</span> <span class='ocrx_word' id='word_1_67' title='bbox 414 739 513 791; x_wconf 79' lang='lat' dir='ltr'>35,199(t</span> <span class='ocrx_word' id='word_1_68' title='bbox 527 748 588 795; x_wconf 82' lang='lat' dir='ltr'>seq.;</span> <span class='ocrx_word' id='word_1_69' title='bbox 604 735 632 780; x_wconf 87' lang='lat' dir='ltr'>de</span> <span class='ocrx_word' id='word_1_70' title='bbox 645 736 692 780; x_wconf 76' lang='lat' dir='ltr'>civ.</span> <span class='ocrx_word' id='word_1_71' title='bbox 706 736 743 779; x_wconf 84' lang='lat' dir='ltr'>ltei</span> <span class='ocrx_word' id='word_1_72' title='bbox 756 740 818 791; x_wconf 55' lang='grc'>931.</span> 
     </span>
    </p>
   </div>
   <div class='ocr_carea' id='block_1_3' title="bbox 65 876 972 1322">
    <p class='ocr_par' dir='ltr' id='par_1_3' title="bbox 65 876 972 1322">
     <span class='ocr_line' id='line_1_9' title="bbox 91 876 941 936; baseline 0.001 -20"><span class='ocrx_word' id='word_1_73' title='bbox 91 876 111 916; x_wconf 89' lang='lat' dir='ltr'>S.</span> <span class='ocrx_word' id='word_1_74' title='bbox 123 877 188 917; x_wconf 89' lang='lat' dir='ltr'>Lucas</span> <span class='ocrx_word' id='word_1_75' title='bbox 199 879 233 926; x_wconf 67' lang='lat' dir='ltr'>lat</span> <span class='ocrx_word' id='word_1_76' title='bbox 242 879 392 936; x_wconf 82' lang='lat' dir='ltr'>secundeloco</span> <span class='ocrx_word' id='word_1_77' title='bbox 405 878 470 919; x_wconf 78' lang='lat' dir='ltr'><strong>refert</strong></span> <span class='ocrx_word' id='word_1_78' title='bbox 482 879 623 919; x_wconf 74' lang='lat' dir='ltr'>tentationem</span> <span class='ocrx_word' id='word_1_79' title='bbox 637 880 658 918; x_wconf 95' lang='lat' dir='ltr'>in</span> <span class='ocrx_word' id='word_1_80' title='bbox 671 881 743 918; x_wconf 89' lang='lat' dir='ltr'>monte</span> <span class='ocrx_word' id='word_1_81' title='bbox 754 879 836 919; x_wconf 80' lang='lat' dir='ltr'>excelso</span> <span class='ocrx_word' id='word_1_82' title='bbox 847 880 868 918; x_wconf 90' lang='lat' dir='ltr'>et</span> <span class='ocrx_word' id='word_1_83' title='bbox 877 878 941 918; x_wconf 87' lang='lat' dir='ltr'>tertio</span> 
     </span>
     <span class='ocr_line' id='line_1_10' title="bbox 65 931 940 997; baseline 0.001 -16"><span class='ocrx_word' id='word_1_84' title='bbox 65 942 110 982; x_wconf 90' lang='lat' dir='ltr'>loco</span> <span class='ocrx_word' id='word_1_85' title='bbox 121 943 259 984; x_wconf 78' lang='lat' dir='ltr'>tentationem</span> <span class='ocrx_word' id='word_1_86' title='bbox 269 944 291 984; x_wconf 91' lang='lat' dir='ltr'>in</span> <span class='ocrx_word' id='word_1_87' title='bbox 299 944 364 997; x_wconf 88' lang='lat' dir='ltr'>pinna</span> <span class='ocrx_word' id='word_1_88' title='bbox 373 945 456 997; x_wconf 88' lang='lat' dir='ltr'>templi.</span> <span class='ocrx_word' id='word_1_89' title='bbox 466 931 578 985; x_wconf 74' lang='lat' dir='ltr'>Uter&#39;ardo</span> <span class='ocrx_word' id='word_1_90' title='bbox 587 956 661 985; x_wconf 87' lang='lat' dir='ltr'>revera</span> <span class='ocrx_word' id='word_1_91' title='bbox 669 944 772 997; x_wconf 77' lang='lat' dir='ltr'>contigit?</span> <span class='ocrx_word' id='word_1_92' title='bbox 781 945 833 985; x_wconf 80' lang='lat' dir='ltr'>Cum</span> <span class='ocrx_word' id='word_1_93' title='bbox 844 943 864 983; x_wconf 84' lang='lat' dir='ltr'>S.</span> <span class='ocrx_word' id='word_1_94' title='bbox 875 944 940 983; x_wconf 88' lang='lat' dir='ltr'>Lucas</span> 
     </span>
     <span class='ocr_line' id='line_1_11' title="bbox 65 1008 940 1063; baseline 0.001 -16"><span class='ocrx_word' id='word_1_95' title='bbox 65 1008 190 1060; x_wconf 89' lang='lat' dir='ltr'>profiteatur</span> <span class='ocrx_word' id='word_1_96' title='bbox 199 1021 221 1050; x_wconf 88' lang='lat' dir='ltr'>se</span> <span class='ocrx_word' id='word_1_97' title='bbox 232 1010 334 1051; x_wconf 79' lang='lat' dir='ltr'>cocordiae</span> <span class='ocrx_word' id='word_1_98' title='bbox 344 1011 472 1063; x_wconf 88' lang='lat' dir='ltr'>scripturum</span> <span class='ocrx_word' id='word_1_99' title='bbox 484 1022 531 1051; x_wconf 88' lang='lat' dir='ltr'>csse</span> <span class='ocrx_word' id='word_1_100' title='bbox 541 1010 615 1057; x_wconf 72' lang='grc' dir='ltr'>καθεξῆς</span> <span class='ocrx_word' id='word_1_101' title='bbox 629 1012 662 1058; x_wconf 80' lang='lat' dir='ltr'>t,3</span> <span class='ocrx_word' id='word_1_102' title='bbox 674 1022 729 1062; x_wconf 90' lang='lat' dir='ltr'>quae</span> <span class='ocrx_word' id='word_1_103' title='bbox 739 1021 779 1051; x_wconf 81' lang='lat' dir='ltr'>vor</span> <span class='ocrx_word' id='word_1_104' title='bbox 789 1022 832 1050; x_wconf 91' lang='lat' dir='ltr'>non</span> <span class='ocrx_word' id='word_1_105' title='bbox 843 1009 940 1049; x_wconf 80' lang='lat' dir='ltr'>ordinem</span> 
     </span>
     <span class='ocr_line' id='line_1_12' title="bbox 65 1073 972 1128; baseline 0 -16"><span class='ocrx_word' id='word_1_106' title='bbox 65 1073 252 1126; x_wconf 79' lang='lat' dir='ltr'>qualemcumque,</span> <span class='ocrx_word' id='word_1_107' title='bbox 267 1075 304 1116; x_wconf 89' lang='lat' dir='ltr'>sed</span> <span class='ocrx_word' id='word_1_108' title='bbox 313 1076 416 1128; x_wconf 88' lang='lat' dir='ltr'>temporis</span> <span class='ocrx_word' id='word_1_109' title='bbox 427 1077 504 1115; x_wconf 85' lang='lat' dir='ltr'>seriem</span> <span class='ocrx_word' id='word_1_110' title='bbox 512 1088 537 1116; x_wconf 91' lang='lat' dir='ltr'>ac</span> <span class='ocrx_word' id='word_1_111' title='bbox 547 1077 669 1116; x_wconf 85' lang='lat' dir='ltr'>successum</span> <span class='ocrx_word' id='word_1_112' title='bbox 678 1075 783 1127; x_wconf 86' lang='lat' dir='ltr'>designat,</span> <span class='ocrx_word' id='word_1_113' title='bbox 796 1078 876 1115; x_wconf 87' lang='lat' dir='ltr'>etcum</span> <span class='ocrx_word' id='word_1_114' title='bbox 889 1073 940 1114; x_wconf 88' lang='lat' dir='ltr'>alias</span> <span class='ocrx_word' id='word_1_115' title='bbox 970 1120 972 1123; x_wconf 25' lang='lat'>·</span> 
     </span>
     <span class='ocr_line' id='line_1_13' title="bbox 65 1129 939 1192; baseline 0 -14"><span class='ocrx_word' id='word_1_116' title='bbox 65 1150 149 1189; x_wconf 91' lang='lat' dir='ltr'>quoque</span> <span class='ocrx_word' id='word_1_117' title='bbox 159 1140 295 1180; x_wconf 85' lang='lat' dir='ltr'>manifestum</span> <span class='ocrx_word' id='word_1_118' title='bbox 304 1141 331 1180; x_wconf 92' lang='lat' dir='ltr'>sit</span> <span class='ocrx_word' id='word_1_119' title='bbox 339 1141 467 1181; x_wconf 85' lang='lat' dir='ltr'>llatthaeum</span> <span class='ocrx_word' id='word_1_120' title='bbox 478 1141 555 1180; x_wconf 87' lang='lat' dir='ltr'>seriem</span> <span class='ocrx_word' id='word_1_121' title='bbox 562 1152 634 1181; x_wconf 88' lang='lat' dir='ltr'>rerum</span> <span class='ocrx_word' id='word_1_122' title='bbox 643 1152 667 1180; x_wconf 87' lang='lat' dir='ltr'>ao</span> <span class='ocrx_word' id='word_1_123' title='bbox 677 1140 779 1192; x_wconf 87' lang='lat' dir='ltr'>temporis</span> <span class='ocrx_word' id='word_1_124' title='bbox 791 1129 888 1181; x_wconf 82' lang='lat' dir='ltr'>ordinem</span> <span class='ocrx_word' id='word_1_125' title='bbox 896 1151 939 1179; x_wconf 93' lang='lat' dir='ltr'>non</span> 
     </span>
     <span class='ocr_line' id='line_1_14' title="bbox 65 1203 940 1258; baseline 0.002 -16"><span class='ocrx_word' id='word_1_126' title='bbox 65 1203 184 1252; x_wconf 88' lang='lat' dir='ltr'>observare,</span> <span class='ocrx_word' id='word_1_127' title='bbox 196 1206 306 1245; x_wconf 90' lang='lat' dir='ltr'>observare</span> <span class='ocrx_word' id='word_1_128' title='bbox 320 1208 392 1246; x_wconf 89' lang='lat' dir='ltr'>autem</span> <span class='ocrx_word' id='word_1_129' title='bbox 405 1207 494 1253; x_wconf 91' lang='lat' dir='ltr'>Lucam,</span> <span class='ocrx_word' id='word_1_130' title='bbox 510 1209 602 1258; x_wconf 89' lang='lat' dir='ltr'>pronum</span> <span class='ocrx_word' id='word_1_131' title='bbox 616 1208 648 1245; x_wconf 92' lang='lat' dir='ltr'>est</span> <span class='ocrx_word' id='word_1_132' title='bbox 660 1205 743 1258; x_wconf 89' lang='lat' dir='ltr'>opinari</span> <span class='ocrx_word' id='word_1_133' title='bbox 756 1207 835 1246; x_wconf 86' lang='lat' dir='ltr'>Lucam</span> <span class='ocrx_word' id='word_1_134' title='bbox 848 1217 893 1245; x_wconf 85' lang='lat' dir='ltr'>rem</span> <span class='ocrx_word' id='word_1_135' title='bbox 908 1216 940 1245; x_wconf 91' lang='lat' dir='ltr'>re-</span> 
     </span>
     <span class='ocr_line' id='line_1_15' title="bbox 65 1268 940 1322; baseline 0.002 -15"><span class='ocrx_word' id='word_1_136' title='bbox 65 1268 119 1308; x_wconf 85' lang='lat' dir='ltr'>ferre</span> <span class='ocrx_word' id='word_1_137' title='bbox 127 1269 196 1321; x_wconf 90' lang='lat' dir='ltr'>prouti</span> <span class='ocrx_word' id='word_1_138' title='bbox 205 1273 264 1322; x_wconf 85' lang='lat' dir='ltr'>gesta</span> <span class='ocrx_word' id='word_1_139' title='bbox 274 1270 307 1310; x_wconf 91' lang='lat' dir='ltr'>sit.</span> <span class='ocrx_word' id='word_1_140' title='bbox 318 1271 347 1311; x_wconf 89' lang='lat' dir='ltr'>Ita</span> <span class='ocrx_word' id='word_1_141' title='bbox 357 1271 399 1310; x_wconf 90' lang='lat' dir='ltr'>iam</span> <span class='ocrx_word' id='word_1_142' title='bbox 409 1272 438 1322; x_wconf 73' lang='lat' dir='ltr'>pi,</span> <span class='ocrx_word' id='word_1_143' title='bbox 447 1270 492 1311; x_wconf 84' lang='lat' dir='ltr'>ord.</span> <span class='ocrx_word' id='word_1_144' title='bbox 503 1283 510 1311; x_wconf 89' lang='lat'>.·</span> <span class='ocrx_word' id='word_1_145' title='bbox 521 1285 531 1308; x_wconf 78' lang='lat' dir='ltr'>a</span> <span class='ocrx_word' id='word_1_146' title='bbox 540 1271 657 1311; x_wconf 85' lang='lat' dir='ltr'>Matthaeus</span> <span class='ocrx_word' id='word_1_147' title='bbox 666 1282 708 1310; x_wconf 89' lang='lat' dir='ltr'>ncn</span> <span class='ocrx_word' id='word_1_148' title='bbox 719 1271 833 1311; x_wconf 88' lang='lat' dir='ltr'>secundum</span> <span class='ocrx_word' id='word_1_149' title='bbox 844 1270 940 1310; x_wconf 85' lang='lat' dir='ltr'>ordinem</span> 
     </span>
    </p>
   </div>
   <div class='ocr_carea' id='block_1_4' title="bbox 65 1333 1006 1388">
    <p class='ocr_par' dir='ltr' id='par_1_4' title="bbox 65 1333 1006 1388">
     <span class='ocr_line' id='line_1_16' title="bbox 65 1333 1006 1388; baseline 0.001 -16"><span class='ocrx_word' id='word_1_150' title='bbox 65 1333 171 1383; x_wconf 89' lang='lat' dir='ltr'>historiae,</span> <span class='ocrx_word' id='word_1_151' title='bbox 183 1335 220 1375; x_wconf 88' lang='lat' dir='ltr'>sed</span> <span class='ocrx_word' id='word_1_152' title='bbox 231 1336 349 1377; x_wconf 86' lang='lat' dir='ltr'>secundum</span> <span class='ocrx_word' id='word_1_153' title='bbox 358 1338 498 1376; x_wconf 85' lang='lat' dir='ltr'>tentationem</span> <span class='ocrx_word' id='word_1_154' title='bbox 508 1337 566 1376; x_wconf 87' lang='lat' dir='ltr'>Adae</span> <span class='ocrx_word' id='word_1_155' title='bbox 577 1337 721 1388; x_wconf 80' lang='lat' dir='ltr'>prosequitur,</span> <span class='ocrx_word' id='word_1_156' title='bbox 734 1337 800 1376; x_wconf 87' lang='lat' dir='ltr'>Lucas</span> <span class='ocrx_word' id='word_1_157' title='bbox 811 1347 861 1381; x_wconf 83' lang='lat' dir='ltr'>vero</span> <span class='ocrx_word' id='word_1_158' title='bbox 873 1337 898 1375; x_wconf 90' lang='lat' dir='ltr'>ut</span> <span class='ocrx_word' id='word_1_159' title='bbox 907 1346 941 1374; x_wconf 91' lang='lat' dir='ltr'>rcs</span> <span class='ocrx_word' id='word_1_160' title='bbox 1004 1340 1006 1343; x_wconf 59' lang='lat'><strong>⁴</strong></span> 
     </span>
    </p>
   </div>
   <div class='ocr_carea' id='block_1_5' title="bbox 65 1400 941 1780">
    <p class='ocr_par' dir='ltr' id='par_1_5' title="bbox 65 1400 941 1780">
     <span class='ocr_line' id='line_1_17' title="bbox 65 1400 941 1451; baseline 0.001 -13"><span class='ocrx_word' id='word_1_161' title='bbox 65 1403 124 1451; x_wconf 89' lang='lat' dir='ltr'>gesta</span> <span class='ocrx_word' id='word_1_162' title='bbox 134 1403 166 1440; x_wconf 89' lang='lat' dir='ltr'>est</span> <span class='ocrx_word' id='word_1_163' title='bbox 176 1416 185 1438; x_wconf 73' lang='lat' dir='ltr'>a</span> <span class='ocrx_word' id='word_1_164' title='bbox 198 1405 218 1441; x_wconf 90' lang='lat' dir='ltr'>et</span> <span class='ocrx_word' id='word_1_165' title='bbox 228 1402 326 1442; x_wconf 87' lang='lat' dir='ltr'>similiter</span> <span class='ocrx_word' id='word_1_166' title='bbox 335 1403 356 1443; x_wconf 86' lang='lat' dir='ltr'>S.</span> <span class='ocrx_word' id='word_1_167' title='bbox 368 1404 440 1443; x_wconf 77' lang='lat' dir='ltr'>Pescla.</span> <span class='ocrx_word' id='word_1_168' title='bbox 456 1402 503 1443; x_wconf 81' lang='lat' dir='ltr'>Aio.</span> <span class='ocrx_word' id='word_1_169' title='bbox 516 1405 537 1442; x_wconf 92' lang='lat' dir='ltr'>et</span> <span class='ocrx_word' id='word_1_170' title='bbox 547 1414 573 1442; x_wconf 79' lang='lat' dir='ltr'>er</span> <span class='ocrx_word' id='word_1_171' title='bbox 585 1402 738 1442; x_wconf 89' lang='lat' dir='ltr'>recentioribus</span> <span class='ocrx_word' id='word_1_172' title='bbox 751 1403 831 1442; x_wconf 83' lang='lat' dir='ltr'>Lucam</span> <span class='ocrx_word' id='word_1_173' title='bbox 844 1400 941 1441; x_wconf 89' lang='lat' dir='ltr'>ordinem</span> 
     </span>
     <span class='ocr_line' id='line_1_18' title="bbox 65 1465 940 1519; baseline 0.002 -15"><span class='ocrx_word' id='word_1_174' title='bbox 65 1465 95 1504; x_wconf 93' lang='lat' dir='ltr'>rei</span> <span class='ocrx_word' id='word_1_175' title='bbox 102 1469 172 1518; x_wconf 80' lang='lat' dir='ltr'>gestae</span> <span class='ocrx_word' id='word_1_176' title='bbox 179 1467 257 1508; x_wconf 85' lang='lat' dir='ltr'>referre</span> <span class='ocrx_word' id='word_1_177' title='bbox 266 1471 352 1508; x_wconf 90' lang='lat' dir='ltr'>censent</span> <span class='ocrx_word' id='word_1_178' title='bbox 360 1468 446 1518; x_wconf 81' lang='lat' dir='ltr'>lleisclri,</span> <span class='ocrx_word' id='word_1_179' title='bbox 457 1467 569 1519; x_wconf 74' lang='lat' dir='ltr'>Celeridqe,</span> <span class='ocrx_word' id='word_1_180' title='bbox 578 1466 661 1516; x_wconf 82' lang='lat' dir='ltr'>Griroin,</span> <span class='ocrx_word' id='word_1_181' title='bbox 672 1468 724 1508; x_wconf 90' lang='lat' dir='ltr'>dum</span> <span class='ocrx_word' id='word_1_182' title='bbox 732 1467 768 1508; x_wconf 89' lang='lat' dir='ltr'>alii</span> <span class='ocrx_word' id='word_1_183' title='bbox 776 1467 798 1507; x_wconf 89' lang='lat' dir='ltr'>id</span> <span class='ocrx_word' id='word_1_184' title='bbox 804 1468 830 1508; x_wconf 89' lang='lat' dir='ltr'>de</span> <span class='ocrx_word' id='word_1_185' title='bbox 837 1467 940 1506; x_wconf 90' lang='lat' dir='ltr'>llatthaco</span> 
     </span>
     <span class='ocr_line' id='line_1_19' title="bbox 65 1527 939 1586; baseline 0.002 -17"><span class='ocrx_word' id='word_1_186' title='bbox 65 1527 195 1580; x_wconf 79' lang='lat' dir='ltr'>existimant,</span> <span class='ocrx_word' id='word_1_187' title='bbox 207 1544 226 1572; x_wconf 92' lang='lat' dir='ltr'>v.</span> <span class='ocrx_word' id='word_1_188' title='bbox 240 1545 259 1584; x_wconf 92' lang='lat' dir='ltr'>g.</span> <span class='ocrx_word' id='word_1_189' title='bbox 271 1532 330 1573; x_wconf 84' lang='lat' dir='ltr'>Dioa.</span> <span class='ocrx_word' id='word_1_190' title='bbox 341 1534 439 1575; x_wconf 70' lang='lat' dir='ltr'>Saorea3</span> <span class='ocrx_word' id='word_1_191' title='bbox 453 1545 473 1585; x_wconf 90' lang='lat' dir='ltr'>p.</span> <span class='ocrx_word' id='word_1_192' title='bbox 486 1532 541 1585; x_wconf 88' lang='lat' dir='ltr'>disp.</span> <span class='ocrx_word' id='word_1_193' title='bbox 553 1534 579 1574; x_wconf 52' lang='grc' dir='ltr'>Ξῖ)</span> <span class='ocrx_word' id='word_1_194' title='bbox 593 1536 644 1573; x_wconf 89' lang='lat' dir='ltr'>sect.</span> <span class='ocrx_word' id='word_1_195' title='bbox 656 1536 698 1573; x_wconf 79' lang='lat' dir='ltr'>in.</span> <span class='ocrx_word' id='word_1_196' title='bbox 711 1535 733 1581; x_wconf 81' lang='lat' dir='ltr'>lr,</span> <span class='ocrx_word' id='word_1_197' title='bbox 746 1533 809 1573; x_wconf 80' lang='lat' dir='ltr'>lllclcl.</span> <span class='ocrx_word' id='word_1_198' title='bbox 821 1532 877 1586; x_wconf 77' lang='lat' dir='ltr'>Splc.</span> <span class='ocrx_word' id='word_1_199' title='bbox 889 1531 939 1572; x_wconf 82' lang='lat' dir='ltr'>Bor.</span> 
     </span>
     <span class='ocr_line' id='line_1_20' title="bbox 65 1593 941 1651; baseline -0.001 -14"><span class='ocrx_word' id='word_1_200' title='bbox 65 1596 150 1645; x_wconf 76' lang='lat' dir='ltr'>Seiana,-</span> <span class='ocrx_word' id='word_1_201' title='bbox 161 1599 210 1638; x_wconf 79' lang='lat' dir='ltr'>dra.</span> <span class='ocrx_word' id='word_1_202' title='bbox 220 1598 258 1638; x_wconf 86' lang='lat' dir='ltr'>Fit.</span> <span class='ocrx_word' id='word_1_203' title='bbox 270 1593 324 1638; x_wconf 83' lang='lat' dir='ltr'>Keil.</span> <span class='ocrx_word' id='word_1_204' title='bbox 335 1599 375 1639; x_wconf 85' lang='lat' dir='ltr'>Pro</span> <span class='ocrx_word' id='word_1_205' title='bbox 385 1611 427 1651; x_wconf 88' lang='lat' dir='ltr'>qua</span> <span class='ocrx_word' id='word_1_206' title='bbox 436 1598 540 1638; x_wconf 91' lang='lat' dir='ltr'>sententia</span> <span class='ocrx_word' id='word_1_207' title='bbox 551 1598 594 1638; x_wconf 89' lang='lat' dir='ltr'>iam</span> <span class='ocrx_word' id='word_1_208' title='bbox 605 1599 682 1638; x_wconf 68' lang='lat' dir='ltr'>siai-ez</span> <span class='ocrx_word' id='word_1_209' title='bbox 693 1601 754 1650; x_wconf 86' lang='lat' dir='ltr'>urget</span> <span class='ocrx_word' id='word_1_210' title='bbox 765 1598 806 1638; x_wconf 88' lang='lat' dir='ltr'>diei</span> <span class='ocrx_word' id='word_1_211' title='bbox 816 1602 835 1639; x_wconf 78' lang='lat' dir='ltr'>r.</span> <span class='ocrx_word' id='word_1_212' title='bbox 847 1600 859 1639; x_wconf 88' lang='lat'>8</span> <span class='ocrx_word' id='word_1_213' title='bbox 870 1600 941 1637; x_wconf 83' lang='lat' dir='ltr'>iterum</span> 
     </span>
     <span class='ocr_line' id='line_1_21' title="bbox 65 1662 940 1714; baseline 0.001 -13"><span class='ocrx_word' id='word_1_214' title='bbox 65 1662 177 1714; x_wconf 86' lang='lat' dir='ltr'>assumpsit</span> <span class='ocrx_word' id='word_1_215' title='bbox 192 1675 240 1704; x_wconf 90' lang='lat' dir='ltr'>eum</span> <span class='ocrx_word' id='word_1_216' title='bbox 254 1663 350 1704; x_wconf 87' lang='lat' dir='ltr'>diabolus</span> <span class='ocrx_word' id='word_1_217' title='bbox 363 1664 385 1704; x_wconf 92' lang='lat' dir='ltr'>in</span> <span class='ocrx_word' id='word_1_218' title='bbox 398 1666 500 1704; x_wconf 89' lang='lat' dir='ltr'>montem.</span> <span class='ocrx_word' id='word_1_219' title='bbox 513 1663 554 1704; x_wconf 83' lang='lat' dir='ltr'>Sed</span> <span class='ocrx_word' id='word_1_220' title='bbox 567 1664 620 1704; x_wconf 93' lang='lat' dir='ltr'>haec</span> <span class='ocrx_word' id='word_1_221' title='bbox 631 1664 685 1712; x_wconf 87' lang='lat' dir='ltr'>ratio</span> <span class='ocrx_word' id='word_1_222' title='bbox 700 1675 745 1704; x_wconf 79' lang='lat' dir='ltr'>rein</span> <span class='ocrx_word' id='word_1_223' title='bbox 757 1676 800 1703; x_wconf 92' lang='lat' dir='ltr'>non</span> <span class='ocrx_word' id='word_1_224' title='bbox 812 1663 896 1703; x_wconf 80' lang='lat' dir='ltr'>evincit.</span> <span class='ocrx_word' id='word_1_225' title='bbox 908 1662 940 1703; x_wconf 87' lang='lat' dir='ltr'>Si-</span> 
     </span>
     <span class='ocr_line' id='line_1_22' title="bbox 65 1727 939 1780; baseline 0.002 -14"><span class='ocrx_word' id='word_1_226' title='bbox 65 1727 193 1780; x_wconf 82' lang='lat' dir='ltr'>gnilicationi</span> <span class='ocrx_word' id='word_1_227' title='bbox 203 1729 289 1769; x_wconf 88' lang='lat' dir='ltr'>enimet</span> <span class='ocrx_word' id='word_1_228' title='bbox 299 1730 347 1769; x_wconf 91' lang='lat' dir='ltr'>usui</span> <span class='ocrx_word' id='word_1_229' title='bbox 357 1729 409 1768; x_wconf 78' lang='grc' dir='ltr'>πάλιν</span> <span class='ocrx_word' id='word_1_230' title='bbox 418 1729 505 1769; x_wconf 87' lang='lat' dir='ltr'>omnino</span> <span class='ocrx_word' id='word_1_231' title='bbox 516 1729 599 1779; x_wconf 65' lang='lat' dir='ltr'>satislit‘,</span> <span class='ocrx_word' id='word_1_232' title='bbox 611 1729 628 1768; x_wconf 92' lang='lat' dir='ltr'>si</span> <span class='ocrx_word' id='word_1_233' title='bbox 639 1729 716 1769; x_wconf 91' lang='lat' dir='ltr'>dieitur</span> <span class='ocrx_word' id='word_1_234' title='bbox 725 1740 749 1768; x_wconf 90' lang='lat' dir='ltr'>ea</span> <span class='ocrx_word' id='word_1_235' title='bbox 756 1729 861 1780; x_wconf 90' lang='lat' dir='ltr'>particula</span> <span class='ocrx_word' id='word_1_236' title='bbox 870 1728 939 1768; x_wconf 91' lang='lat' dir='ltr'>solum</span> 
     </span>
    </p>
   </div>
   <div class='ocr_carea' id='block_1_6' title="bbox 66 1792 1006 1845">
    <p class='ocr_par' dir='ltr' id='par_1_6' title="bbox 66 1792 1006 1845">
     <span class='ocr_line' id='line_1_23' title="bbox 66 1792 1006 1845; baseline 0.001 -14"><span class='ocrx_word' id='word_1_237' title='bbox 66 1792 127 1832; x_wconf 84' lang='lat' dir='ltr'>aliam</span> <span class='ocrx_word' id='word_1_238' title='bbox 143 1794 262 1833; x_wconf 85' lang='lat' dir='ltr'>annuntiari</span> <span class='ocrx_word' id='word_1_239' title='bbox 279 1795 416 1835; x_wconf 87' lang='lat' dir='ltr'>tentationem</span> <span class='ocrx_word' id='word_1_240' title='bbox 432 1795 466 1834; x_wconf 92' lang='lat' dir='ltr'>vel</span> <span class='ocrx_word' id='word_1_241' title='bbox 483 1795 667 1835; x_wconf 87' lang='lat' dir='ltr'>continuationem</span> <span class='ocrx_word' id='word_1_242' title='bbox 683 1793 807 1834; x_wconf 86' lang='lat' dir='ltr'>tentationis</span> <span class='ocrx_word' id='word_1_243' title='bbox 823 1793 939 1845; x_wconf 87' lang='lat' dir='ltr'>designari,</span> <span class='ocrx_word' id='word_1_244' title='bbox 1003 1834 1006 1839; x_wconf 64' lang='grc'>,</span> 
     </span>
    </p>
   </div>
   <div class='ocr_carea' id='block_1_7' title="bbox 64 1858 965 3219">
    <p class='ocr_par' dir='ltr' id='par_1_7' title="bbox 64 1858 965 3088">
     <span class='ocr_line' id='line_1_24' title="bbox 66 1858 941 1913; baseline 0 -15"><span class='ocrx_word' id='word_1_245' title='bbox 66 1858 125 1909; x_wconf 90' lang='lat' dir='ltr'>quasi</span> <span class='ocrx_word' id='word_1_246' title='bbox 134 1859 214 1899; x_wconf 90' lang='lat' dir='ltr'>diceres</span> <span class='ocrx_word' id='word_1_247' title='bbox 218 1870 291 1913; x_wconf 70' lang='lat' dir='ltr'>poriq·</span> <span class='ocrx_word' id='word_1_248' title='bbox 299 1860 325 1900; x_wconf 86' lang='lat' dir='ltr'>cl.</span> <span class='ocrx_word' id='word_1_249' title='bbox 337 1860 407 1900; x_wconf 90' lang='lat' dir='ltr'>Matth.</span> <span class='ocrx_word' id='word_1_250' title='bbox 421 1861 477 1909; x_wconf 80' lang='lat'>5,33;</span> <span class='ocrx_word' id='word_1_251' title='bbox 491 1860 558 1908; x_wconf 63' lang='lat' dir='ltr'>lata</span> <span class='ocrx_word' id='word_1_252' title='bbox 571 1861 604 1899; x_wconf 82' lang='lat' dir='ltr'>l5;</span> <span class='ocrx_word' id='word_1_253' title='bbox 613 1861 648 1910; x_wconf 79' lang='lat' dir='ltr'>l73</span> <span class='ocrx_word' id='word_1_254' title='bbox 659 1860 730 1908; x_wconf 77' lang='lat' dir='ltr'>l8,lit;</span> <span class='ocrx_word' id='word_1_255' title='bbox 743 1860 813 1908; x_wconf 54' lang='lat' dir='ltr'>leam</span> <span class='ocrx_word' id='word_1_256' title='bbox 824 1870 888 1910; x_wconf 90' lang='lat' dir='ltr'>qua-re</span> <span class='ocrx_word' id='word_1_257' title='bbox 898 1870 941 1899; x_wconf 92' lang='lat' dir='ltr'>non</span> 
     </span>
     <span class='ocr_line' id='line_1_25' title="bbox 65 1923 941 1982; baseline 0.001 -20"><span class='ocrx_word' id='word_1_258' title='bbox 65 1925 183 1964; x_wconf 88' lang='lat' dir='ltr'>necessario</span> <span class='ocrx_word' id='word_1_259' title='bbox 194 1924 325 1982; x_wconf 75' lang='lat' dir='ltr'>secundaret</span> <span class='ocrx_word' id='word_1_260' title='bbox 338 1925 429 1977; x_wconf 89' lang='lat' dir='ltr'>repetita</span> <span class='ocrx_word' id='word_1_261' title='bbox 442 1927 552 1975; x_wconf 79' lang='lat' dir='ltr'>cssrimptio</span> <span class='ocrx_word' id='word_1_262' title='bbox 564 1925 695 1973; x_wconf 86' lang='lat' dir='ltr'>enuntiatur,</span> <span class='ocrx_word' id='word_1_263' title='bbox 708 1924 745 1964; x_wconf 91' lang='lat' dir='ltr'>sed</span> <span class='ocrx_word' id='word_1_264' title='bbox 758 1925 799 1964; x_wconf 88' lang='lat' dir='ltr'>alia</span> <span class='ocrx_word' id='word_1_265' title='bbox 810 1924 906 1964; x_wconf 85' lang='lat' dir='ltr'>tentatio.</span> <span class='ocrx_word' id='word_1_266' title='bbox 919 1923 941 1964; x_wconf 89' lang='lat' dir='ltr'>Si</span> 
     </span>
     <span class='ocr_line' id='line_1_26' title="bbox 65 1988 948 2045; baseline 0.001 -17"><span class='ocrx_word' id='word_1_267' title='bbox 65 1989 141 2041; x_wconf 84' lang='lat' dir='ltr'>triplex</span> <span class='ocrx_word' id='word_1_268' title='bbox 151 1989 186 2030; x_wconf 94' lang='lat' dir='ltr'>illa</span> <span class='ocrx_word' id='word_1_269' title='bbox 196 1991 366 2043; x_wconf 86' lang='lat' dir='ltr'>concupiscentia</span> <span class='ocrx_word' id='word_1_270' title='bbox 378 1990 525 2031; x_wconf 84' lang='lat' dir='ltr'>consideratur</span> <span class='ocrx_word' id='word_1_271' title='bbox 539 1989 626 2044; x_wconf 86' lang='lat' dir='ltr'>(carnis,</span> <span class='ocrx_word' id='word_1_272' title='bbox 638 1990 757 2037; x_wconf 89' lang='lat' dir='ltr'>oculorum,</span> <span class='ocrx_word' id='word_1_273' title='bbox 770 1990 870 2041; x_wconf 90' lang='lat' dir='ltr'>superbia</span> <span class='ocrx_word' id='word_1_274' title='bbox 879 1988 948 2045; x_wconf 72' lang='lat' dir='ltr'>vitael</span> 
     </span>
     <span class='ocr_line' id='line_1_27' title="bbox 67 2055 941 2108; baseline -0.002 -13"><span class='ocrx_word' id='word_1_275' title='bbox 67 2057 87 2095; x_wconf 89' lang='lat' dir='ltr'>et</span> <span class='ocrx_word' id='word_1_276' title='bbox 100 2067 148 2095; x_wconf 90' lang='lat' dir='ltr'>cum</span> <span class='ocrx_word' id='word_1_277' title='bbox 161 2056 268 2108; x_wconf 89' lang='lat' dir='ltr'>plerisque</span> <span class='ocrx_word' id='word_1_278' title='bbox 279 2057 301 2096; x_wconf 91' lang='lat' dir='ltr'>in</span> <span class='ocrx_word' id='word_1_279' title='bbox 314 2057 387 2097; x_wconf 90' lang='lat' dir='ltr'>ordine</span> <span class='ocrx_word' id='word_1_280' title='bbox 399 2056 523 2096; x_wconf 90' lang='lat' dir='ltr'>tentationis</span> <span class='ocrx_word' id='word_1_281' title='bbox 537 2056 595 2108; x_wconf 88' lang='lat' dir='ltr'>apud</span> <span class='ocrx_word' id='word_1_282' title='bbox 608 2055 738 2096; x_wconf 88' lang='lat' dir='ltr'>Matthaeum</span> <span class='ocrx_word' id='word_1_283' title='bbox 749 2055 843 2096; x_wconf 88' lang='lat' dir='ltr'>cernitur</span> <span class='ocrx_word' id='word_1_284' title='bbox 852 2055 941 2095; x_wconf 89' lang='lat' dir='ltr'>tentatio</span> 
     </span>
     <span class='ocr_line' id='line_1_28' title="bbox 65 2120 941 2173; baseline -0.001 -13"><span class='ocrx_word' id='word_1_285' title='bbox 65 2121 133 2172; x_wconf 86' lang='lat' dir='ltr'>gulae,</span> <span class='ocrx_word' id='word_1_286' title='bbox 144 2132 209 2161; x_wconf 90' lang='lat' dir='ltr'>vanae</span> <span class='ocrx_word' id='word_1_287' title='bbox 219 2122 303 2173; x_wconf 88' lang='lat' dir='ltr'>gloriae,</span> <span class='ocrx_word' id='word_1_288' title='bbox 315 2122 421 2169; x_wconf 88' lang='lat' dir='ltr'>avaritiae,</span> <span class='ocrx_word' id='word_1_289' title='bbox 433 2122 544 2162; x_wconf 88' lang='lat' dir='ltr'>fatendum</span> <span class='ocrx_word' id='word_1_290' title='bbox 554 2121 595 2161; x_wconf 89' lang='lat' dir='ltr'>erit</span> <span class='ocrx_word' id='word_1_291' title='bbox 604 2121 676 2173; x_wconf 90' lang='lat' dir='ltr'>potius</span> <span class='ocrx_word' id='word_1_292' title='bbox 687 2120 785 2161; x_wconf 90' lang='lat' dir='ltr'>ordinem</span> <span class='ocrx_word' id='word_1_293' title='bbox 793 2121 864 2161; x_wconf 84' lang='lat' dir='ltr'>Lucae</span> <span class='ocrx_word' id='word_1_294' title='bbox 872 2132 898 2160; x_wconf 84' lang='lat' dir='ltr'>ex</span> <span class='ocrx_word' id='word_1_295' title='bbox 908 2120 941 2159; x_wconf 92' lang='lat' dir='ltr'>in-</span> 
     </span>
     <span class='ocr_line' id='line_1_29' title="bbox 65 2186 942 2243; baseline 0.001 -18"><span class='ocrx_word' id='word_1_296' title='bbox 65 2187 130 2226; x_wconf 90' lang='lat' dir='ltr'>ternis</span> <span class='ocrx_word' id='word_1_297' title='bbox 140 2187 411 2243; x_wconf 86' lang='lat' dir='ltr'>rationibuscommendari</span> <span class='ocrx_word' id='word_1_298' title='bbox 420 2190 441 2228; x_wconf 90' lang='lat' dir='ltr'>et</span> <span class='ocrx_word' id='word_1_299' title='bbox 451 2188 473 2227; x_wconf 91' lang='lat' dir='ltr'>in</span> <span class='ocrx_word' id='word_1_300' title='bbox 482 2199 507 2227; x_wconf 90' lang='lat' dir='ltr'>eo</span> <span class='ocrx_word' id='word_1_301' title='bbox 516 2188 573 2227; x_wconf 90' lang='lat' dir='ltr'>cerni</span> <span class='ocrx_word' id='word_1_302' title='bbox 582 2186 736 2238; x_wconf 79' lang='lat' dir='ltr'>gradationem,</span> <span class='ocrx_word' id='word_1_303' title='bbox 747 2198 796 2227; x_wconf 90' lang='lat' dir='ltr'>cum</span> <span class='ocrx_word' id='word_1_304' title='bbox 807 2187 894 2227; x_wconf 88' lang='lat' dir='ltr'>tentatio</span> <span class='ocrx_word' id='word_1_305' title='bbox 905 2198 942 2237; x_wconf 89' lang='lat' dir='ltr'>gu-</span> 
     </span>
     <span class='ocr_line' id='line_1_30' title="bbox 65 2247 941 2304; baseline 0 -14"><span class='ocrx_word' id='word_1_306' title='bbox 65 2251 97 2291; x_wconf 91' lang='lat' dir='ltr'>lae</span> <span class='ocrx_word' id='word_1_307' title='bbox 108 2253 129 2290; x_wconf 91' lang='lat' dir='ltr'>et</span> <span class='ocrx_word' id='word_1_308' title='bbox 138 2252 326 2304; x_wconf 86' lang='lat' dir='ltr'>avaritiaespectet</span> <span class='ocrx_word' id='word_1_309' title='bbox 336 2253 361 2292; x_wconf 87' lang='lat' dir='ltr'>ad</span> <span class='ocrx_word' id='word_1_310' title='bbox 375 2254 429 2292; x_wconf 88' lang='lat' dir='ltr'>hona</span> <span class='ocrx_word' id='word_1_311' title='bbox 443 2252 523 2292; x_wconf 88' lang='lat' dir='ltr'>ordinis</span> <span class='ocrx_word' id='word_1_312' title='bbox 537 2252 654 2301; x_wconf 81' lang='lat' dir='ltr'>inferioris,</span> <span class='ocrx_word' id='word_1_313' title='bbox 665 2252 754 2291; x_wconf 91' lang='lat' dir='ltr'>tentatio</span> <span class='ocrx_word' id='word_1_314' title='bbox 767 2247 817 2291; x_wconf 72' lang='lat' dir='ltr'>v&#39;ero</span> <span class='ocrx_word' id='word_1_315' title='bbox 828 2251 941 2303; x_wconf 84' lang='lat' dir='ltr'>superbiae</span> 
     </span>
     <span class='ocr_line' id='line_1_31' title="bbox 66 2316 940 2368; baseline 0 -13"><span class='ocrx_word' id='word_1_316' title='bbox 66 2319 87 2356; x_wconf 92' lang='lat' dir='ltr'>et</span> <span class='ocrx_word' id='word_1_317' title='bbox 97 2316 218 2357; x_wconf 87' lang='lat' dir='ltr'>ambitionis</span> <span class='ocrx_word' id='word_1_318' title='bbox 228 2317 254 2356; x_wconf 93' lang='lat' dir='ltr'>ad</span> <span class='ocrx_word' id='word_1_319' title='bbox 265 2318 319 2357; x_wconf 92' lang='lat' dir='ltr'>bona</span> <span class='ocrx_word' id='word_1_320' title='bbox 328 2317 408 2357; x_wconf 88' lang='lat' dir='ltr'>altiora.</span> <span class='ocrx_word' id='word_1_321' title='bbox 420 2319 446 2357; x_wconf 83' lang='lat' dir='ltr'>llt</span> <span class='ocrx_word' id='word_1_322' title='bbox 455 2317 509 2368; x_wconf 90' lang='lat' dir='ltr'>proh</span> <span class='ocrx_word' id='word_1_323' title='bbox 520 2317 587 2364; x_wconf 90' lang='lat' dir='ltr'>dolor,</span> <span class='ocrx_word' id='word_1_324' title='bbox 599 2327 754 2367; x_wconf 89' lang='lat' dir='ltr'>nonnunquam</span> <span class='ocrx_word' id='word_1_325' title='bbox 767 2316 782 2355; x_wconf 91' lang='lat' dir='ltr'>ii</span> <span class='ocrx_word' id='word_1_326' title='bbox 793 2316 829 2367; x_wconf 88' lang='lat' dir='ltr'>qui</span> <span class='ocrx_word' id='word_1_327' title='bbox 842 2317 940 2368; x_wconf 87' lang='lat' dir='ltr'>volupta-</span> 
     </span>
     <span class='ocr_line' id='line_1_32' title="bbox 65 2381 941 2435; baseline 0 -14"><span class='ocrx_word' id='word_1_328' title='bbox 65 2384 96 2421; x_wconf 85' lang='lat' dir='ltr'>tes</span> <span class='ocrx_word' id='word_1_329' title='bbox 107 2382 175 2422; x_wconf 89' lang='lat' dir='ltr'>carnis</span> <span class='ocrx_word' id='word_1_330' title='bbox 184 2384 205 2422; x_wconf 87' lang='lat' dir='ltr'>et</span> <span class='ocrx_word' id='word_1_331' title='bbox 215 2382 300 2423; x_wconf 89' lang='lat' dir='ltr'>divitias</span> <span class='ocrx_word' id='word_1_332' title='bbox 310 2394 411 2435; x_wconf 80' lang='lat' dir='ltr'>generose</span> <span class='ocrx_word' id='word_1_333' title='bbox 423 2382 537 2430; x_wconf 83' lang='lat' dir='ltr'>calcarunt,</span> <span class='ocrx_word' id='word_1_334' title='bbox 550 2381 649 2433; x_wconf 86' lang='lat' dir='ltr'>superbla</span> <span class='ocrx_word' id='word_1_335' title='bbox 660 2384 681 2421; x_wconf 91' lang='lat' dir='ltr'>et</span> <span class='ocrx_word' id='word_1_336' title='bbox 689 2381 808 2422; x_wconf 85' lang='lat' dir='ltr'>ambitione</span> <span class='ocrx_word' id='word_1_337' title='bbox 818 2382 897 2421; x_wconf 87' lang='lat' dir='ltr'>misere</span> <span class='ocrx_word' id='word_1_338' title='bbox 908 2393 941 2421; x_wconf 86' lang='lat' dir='ltr'>ca-</span> 
     </span>
     <span class='ocr_line' id='line_1_33' title="bbox 65 2446 941 2503; baseline -0.001 -16"><span class='ocrx_word' id='word_1_339' title='bbox 65 2447 124 2488; x_wconf 87' lang='lat' dir='ltr'>dunt.</span> <span class='ocrx_word' id='word_1_340' title='bbox 139 2449 206 2500; x_wconf 80' lang='lat' dir='ltr'>dique</span> <span class='ocrx_word' id='word_1_341' title='bbox 224 2460 249 2488; x_wconf 91' lang='lat' dir='ltr'>eo</span> <span class='ocrx_word' id='word_1_342' title='bbox 265 2447 339 2503; x_wconf 83' lang='lat' dir='ltr'>ordine</span> <span class='ocrx_word' id='word_1_343' title='bbox 356 2448 450 2488; x_wconf 81' lang='lat' dir='ltr'>exhiberi</span> <span class='ocrx_word' id='word_1_344' title='bbox 467 2447 625 2499; x_wconf 82' lang='lat' dir='ltr'>gradationem,</span> <span class='ocrx_word' id='word_1_345' title='bbox 645 2446 708 2487; x_wconf 82' lang='lat' dir='ltr'>facile</span> <span class='ocrx_word' id='word_1_346' title='bbox 725 2459 812 2499; x_wconf 92' lang='lat' dir='ltr'>quoque</span> <span class='ocrx_word' id='word_1_347' title='bbox 830 2459 855 2487; x_wconf 80' lang='lat' dir='ltr'>en</span> <span class='ocrx_word' id='word_1_348' title='bbox 871 2447 941 2487; x_wconf 89' lang='lat' dir='ltr'>verbis</span> 
     </span>
     <span class='ocr_line' id='line_1_34' title="bbox 65 2513 941 2566; baseline 0 -14"><span class='ocrx_word' id='word_1_349' title='bbox 65 2513 85 2552; x_wconf 88' lang='lat' dir='ltr'>S.</span> <span class='ocrx_word' id='word_1_350' title='bbox 97 2513 188 2553; x_wconf 89' lang='lat' dir='ltr'>Thomac</span> <span class='ocrx_word' id='word_1_351' title='bbox 197 2515 209 2553; x_wconf 88' lang='lat'><strong>3</strong></span> <span class='ocrx_word' id='word_1_352' title='bbox 219 2525 239 2564; x_wconf 92' lang='lat' dir='ltr'>p.</span> <span class='ocrx_word' id='word_1_353' title='bbox 252 2525 288 2565; x_wconf 90' lang='lat' dir='ltr'>qu.</span> <span class='ocrx_word' id='word_1_354' title='bbox 299 2516 322 2554; x_wconf 78' lang='lat' dir='ltr'>il</span> <span class='ocrx_word' id='word_1_355' title='bbox 333 2516 371 2554; x_wconf 83' lang='lat' dir='ltr'>art.</span> <span class='ocrx_word' id='word_1_356' title='bbox 381 2517 394 2554; x_wconf 79' lang='lat' dir='ltr'>i</span> <span class='ocrx_word' id='word_1_357' title='bbox 403 2514 515 2566; x_wconf 87' lang='lat' dir='ltr'>probatur:</span> <span class='ocrx_word' id='word_1_358' title='bbox 528 2513 580 2553; x_wconf 74' lang='lat' dir='ltr'>[licit</span> <span class='ocrx_word' id='word_1_359' title='bbox 593 2513 650 2553; x_wconf 87' lang='lat' dir='ltr'>enim</span> <span class='ocrx_word' id='word_1_360' title='bbox 660 2513 687 2553; x_wconf 89' lang='lat' dir='ltr'>de</span> <span class='ocrx_word' id='word_1_361' title='bbox 695 2513 770 2559; x_wconf 87' lang='lat' dir='ltr'>ordine</span> <span class='ocrx_word' id='word_1_362' title='bbox 781 2513 879 2553; x_wconf 89' lang='lat' dir='ltr'>llatthaei</span> <span class='ocrx_word' id='word_1_363' title='bbox 891 2525 896 2552; x_wconf 75' lang='grc' dir='ltr'>ε</span> <span class='ocrx_word' id='word_1_364' title='bbox 906 2525 941 2553; x_wconf 90' lang='lat' dir='ltr'>se-</span> 
     </span>
     <span class='ocr_line' id='line_1_35' title="bbox 65 2578 941 2634; baseline 0.001 -17"><span class='ocrx_word' id='word_1_365' title='bbox 65 2578 133 2618; x_wconf 90' lang='lat' dir='ltr'>cundo</span> <span class='ocrx_word' id='word_1_366' title='bbox 144 2579 247 2630; x_wconf 87' lang='lat' dir='ltr'>processit</span> <span class='ocrx_word' id='word_1_367' title='bbox 259 2579 285 2618; x_wconf 83' lang='lat' dir='ltr'>ad</span> <span class='ocrx_word' id='word_1_368' title='bbox 298 2579 320 2619; x_wconf 92' lang='lat' dir='ltr'>id</span> <span class='ocrx_word' id='word_1_369' title='bbox 333 2580 355 2619; x_wconf 92' lang='lat' dir='ltr'>in</span> <span class='ocrx_word' id='word_1_370' title='bbox 368 2591 409 2631; x_wconf 94' lang='lat' dir='ltr'>quo</span> <span class='ocrx_word' id='word_1_371' title='bbox 423 2579 544 2632; x_wconf 89' lang='lat' dir='ltr'>spirituales</span> <span class='ocrx_word' id='word_1_372' title='bbox 558 2579 600 2634; x_wconf 81' lang='lat' dir='ltr'>viri</span> <span class='ocrx_word' id='word_1_373' title='bbox 613 2579 742 2631; x_wconf 90' lang='lat' dir='ltr'>quandoque</span> <span class='ocrx_word' id='word_1_374' title='bbox 755 2579 866 2628; x_wconf 80' lang='lat' dir='ltr'>deliciunt3</span> <span class='ocrx_word' id='word_1_375' title='bbox 878 2579 941 2618; x_wconf 89' lang='lat' dir='ltr'>tertio</span> 
     </span>
     <span class='ocr_line' id='line_1_36' title="bbox 65 2636 942 2697; baseline 0 -14"><span class='ocrx_word' id='word_1_376' title='bbox 65 2643 163 2695; x_wconf 78' lang='lat' dir='ltr'>perduxit</span> <span class='ocrx_word' id='word_1_377' title='bbox 171 2644 309 2684; x_wconf 85' lang='lat' dir='ltr'>tentationem</span> <span class='ocrx_word' id='word_1_378' title='bbox 319 2644 345 2685; x_wconf 93' lang='lat' dir='ltr'>ad</span> <span class='ocrx_word' id='word_1_379' title='bbox 355 2645 377 2684; x_wconf 94' lang='lat' dir='ltr'>id</span> <span class='ocrx_word' id='word_1_380' title='bbox 387 2645 487 2696; x_wconf 82' lang='lat' dir='ltr'>quodiam</span> <span class='ocrx_word' id='word_1_381' title='bbox 498 2636 539 2685; x_wconf 79' lang='lat' dir='ltr'>cori</span> <span class='ocrx_word' id='word_1_382' title='bbox 545 2649 574 2685; x_wconf 82' lang='lat' dir='ltr'>cst</span> <span class='ocrx_word' id='word_1_383' title='bbox 583 2644 721 2697; x_wconf 77' lang='lat' dir='ltr'>spiritualium</span> <span class='ocrx_word' id='word_1_384' title='bbox 729 2648 819 2685; x_wconf 79' lang='lat' dir='ltr'>virorum</span> <span class='ocrx_word' id='word_1_385' title='bbox 828 2645 862 2684; x_wconf 80' lang='lat' dir='ltr'>sat</span> <span class='ocrx_word' id='word_1_386' title='bbox 869 2656 942 2684; x_wconf 77' lang='lat' dir='ltr'>corac-</span> 
     </span>
     <span class='ocr_line' id='line_1_37' title="bbox 65 2709 965 2761; baseline 0.004 -14"><span class='ocrx_word' id='word_1_387' title='bbox 65 2710 120 2758; x_wconf 83' lang='lat' dir='ltr'>limo,</span> <span class='ocrx_word' id='word_1_388' title='bbox 129 2709 172 2749; x_wconf 91' lang='lat' dir='ltr'>scil.</span> <span class='ocrx_word' id='word_1_389' title='bbox 184 2711 208 2749; x_wconf 92' lang='lat' dir='ltr'>ut</span> <span class='ocrx_word' id='word_1_390' title='bbox 216 2709 298 2749; x_wconf 91' lang='lat' dir='ltr'>divitias</span> <span class='ocrx_word' id='word_1_391' title='bbox 308 2712 329 2749; x_wconf 93' lang='lat' dir='ltr'>et</span> <span class='ocrx_word' id='word_1_392' title='bbox 337 2710 425 2761; x_wconf 88' lang='lat' dir='ltr'>gloriam</span> <span class='ocrx_word' id='word_1_393' title='bbox 435 2710 510 2751; x_wconf 91' lang='lat' dir='ltr'>mundi</span> <span class='ocrx_word' id='word_1_394' title='bbox 521 2710 673 2761; x_wconf 87' lang='lat' dir='ltr'>concupiscant</span> <span class='ocrx_word' id='word_1_395' title='bbox 683 2710 785 2761; x_wconf 87' lang='lat' dir='ltr'>usquead</span> <span class='ocrx_word' id='word_1_396' title='bbox 794 2711 939 2761; x_wconf 89' lang='lat' dir='ltr'>contemptum</span> <span class='ocrx_word' id='word_1_397' title='bbox 964 2748 965 2751; x_wconf 73' lang='grc'>,</span> 
     </span>
     <span class='ocr_line' id='line_1_38' title="bbox 64 2774 941 2827; baseline -0.001 -13"><span class='ocrx_word' id='word_1_398' title='bbox 64 2775 109 2815; x_wconf 90' lang='lat' dir='ltr'>Dei.</span> <span class='ocrx_word' id='word_1_399' title='bbox 126 2775 216 2815; x_wconf 89' lang='lat' dir='ltr'>Proinde</span> <span class='ocrx_word' id='word_1_400' title='bbox 231 2775 345 2815; x_wconf 90' lang='lat' dir='ltr'>secundum</span> <span class='ocrx_word' id='word_1_401' title='bbox 360 2775 379 2815; x_wconf 87' lang='lat' dir='ltr'>S.</span> <span class='ocrx_word' id='word_1_402' title='bbox 392 2775 494 2816; x_wconf 75' lang='lat' dir='ltr'>&#39;thomam</span> <span class='ocrx_word' id='word_1_403' title='bbox 511 2775 580 2827; x_wconf 92' lang='lat' dir='ltr'>prima</span> <span class='ocrx_word' id='word_1_404' title='bbox 596 2778 617 2815; x_wconf 91' lang='lat' dir='ltr'>et</span> <span class='ocrx_word' id='word_1_405' title='bbox 629 2775 691 2815; x_wconf 88' lang='lat' dir='ltr'>tertia</span> <span class='ocrx_word' id='word_1_406' title='bbox 705 2774 794 2814; x_wconf 90' lang='lat' dir='ltr'>tentatio</span> <span class='ocrx_word' id='word_1_407' title='bbox 807 2774 901 2827; x_wconf 87' lang='lat' dir='ltr'>pertinet</span> <span class='ocrx_word' id='word_1_408' title='bbox 916 2774 941 2814; x_wconf 89' lang='lat' dir='ltr'>ad</span> 
     </span>
     <span class='ocr_line' id='line_1_39' title="bbox 65 2840 942 2892; baseline 0 -13"><span class='ocrx_word' id='word_1_409' title='bbox 65 2841 165 2887; x_wconf 87' lang='lat' dir='ltr'>carnales,</span> <span class='ocrx_word' id='word_1_410' title='bbox 178 2840 270 2881; x_wconf 88' lang='lat' dir='ltr'>secunda</span> <span class='ocrx_word' id='word_1_411' title='bbox 282 2840 308 2881; x_wconf 87' lang='lat' dir='ltr'>ad</span> <span class='ocrx_word' id='word_1_412' title='bbox 322 2840 450 2892; x_wconf 51' lang='lat' dir='ltr'>spiritualem</span> <span class='ocrx_word' id='word_1_413' title='bbox 466 2841 538 2891; x_wconf 91' lang='lat' dir='ltr'>itaque</span> <span class='ocrx_word' id='word_1_414' title='bbox 554 2840 605 2880; x_wconf 85' lang='lat' dir='ltr'>ordo</span> <span class='ocrx_word' id='word_1_415' title='bbox 620 2843 641 2880; x_wconf 91' lang='lat' dir='ltr'>et</span> <span class='ocrx_word' id='word_1_416' title='bbox 653 2840 748 2892; x_wconf 88' lang='lat' dir='ltr'>gradatio</span> <span class='ocrx_word' id='word_1_417' title='bbox 765 2840 838 2892; x_wconf 89' lang='lat' dir='ltr'>potius</span> <span class='ocrx_word' id='word_1_418' title='bbox 851 2840 942 2880; x_wconf 88' lang='lat' dir='ltr'>habetur</span> 
     </span>
     <span class='ocr_line' id='line_1_40' title="bbox 65 2902 942 2959; baseline -0.002 -14"><span class='ocrx_word' id='word_1_419' title='bbox 65 2906 121 2956; x_wconf 92' lang='lat' dir='ltr'>apud</span> <span class='ocrx_word' id='word_1_420' title='bbox 131 2907 151 2947; x_wconf 84' lang='lat' dir='ltr'>S.</span> <span class='ocrx_word' id='word_1_421' title='bbox 164 2908 251 2946; x_wconf 87' lang='lat' dir='ltr'>Lucam.</span> <span class='ocrx_word' id='word_1_422' title='bbox 263 2902 336 2958; x_wconf 88' lang='lat' dir='ltr'>Neque</span> <span class='ocrx_word' id='word_1_423' title='bbox 346 2906 424 2959; x_wconf 90' lang='lat' dir='ltr'>poterit</span> <span class='ocrx_word' id='word_1_424' title='bbox 433 2906 506 2958; x_wconf 86' lang='lat' dir='ltr'>negari</span> <span class='ocrx_word' id='word_1_425' title='bbox 518 2905 589 2946; x_wconf 88' lang='lat' dir='ltr'>verbis</span> <span class='ocrx_word' id='word_1_426' title='bbox 599 2905 675 2946; x_wconf 80' lang='lat' dir='ltr'>Christi</span> <span class='ocrx_word' id='word_1_427' title='bbox 687 2918 726 2946; x_wconf 84' lang='lat' dir='ltr'>aon</span> <span class='ocrx_word' id='word_1_428' title='bbox 737 2906 822 2947; x_wconf 82' lang='lat' dir='ltr'>tentetis</span> <span class='ocrx_word' id='word_1_429' title='bbox 832 2905 942 2945; x_wconf 79' lang='lat' dir='ltr'>Dorrziaam</span> 
     </span>
     <span class='ocr_line' id='line_1_41' title="bbox 67 2964 941 3025; baseline 0.001 -15"><span class='ocrx_word' id='word_1_430' title='bbox 67 2969 129 3011; x_wconf 80' lang='lat' dir='ltr'>Derim</span> <span class='ocrx_word' id='word_1_431' title='bbox 140 2975 196 3011; x_wconf 78' lang='lat' dir='ltr'>iulittt</span> <span class='ocrx_word' id='word_1_432' title='bbox 206 2983 273 3023; x_wconf 91' lang='lat' dir='ltr'>aeque</span> <span class='ocrx_word' id='word_1_433' title='bbox 283 2973 336 3012; x_wconf 92' lang='lat' dir='ltr'>bene</span> <span class='ocrx_word' id='word_1_434' title='bbox 349 2983 410 3025; x_wconf 89' lang='lat' dir='ltr'>posse</span> <span class='ocrx_word' id='word_1_435' title='bbox 424 2971 533 3012; x_wconf 86' lang='lat' dir='ltr'>diabolum</span> <span class='ocrx_word' id='word_1_436' title='bbox 546 2964 656 3023; x_wconf 85' lang='lat' dir='ltr'>prohiberi</span> <span class='ocrx_word' id='word_1_437' title='bbox 667 2972 693 3011; x_wconf 86' lang='lat' dir='ltr'>ab</span> <span class='ocrx_word' id='word_1_438' title='bbox 707 2971 807 3012; x_wconf 89' lang='lat' dir='ltr'>ulteriore</span> <span class='ocrx_word' id='word_1_439' title='bbox 818 2971 941 3018; x_wconf 88' lang='lat' dir='ltr'>tentatione,</span> 
     </span>
     <span class='ocr_line' id='line_1_42' title="bbox 67 3037 356 3088; baseline 0.014 -14"><span class='ocrx_word' id='word_1_440' title='bbox 67 3038 130 3088; x_wconf 90' lang='lat' dir='ltr'>atque</span> <span class='ocrx_word' id='word_1_441' title='bbox 140 3037 182 3076; x_wconf 87' lang='lat' dir='ltr'>illis</span> <span class='ocrx_word' id='word_1_442' title='bbox 193 3048 197 3076; x_wconf 90' lang='lat'>:</span> <span class='ocrx_word' id='word_1_443' title='bbox 209 3038 262 3076; x_wconf 85' lang='lat' dir='ltr'>vade</span> <span class='ocrx_word' id='word_1_444' title='bbox 273 3038 356 3078; x_wconf 84' lang='lat' dir='ltr'>Satana.</span> 
     </span>
    </p>

    <p class='ocr_par' dir='ltr' id='par_1_8' title="bbox 68 3101 943 3219">
     <span class='ocr_line' id='line_1_43' title="bbox 93 3101 943 3160; baseline -0.001 -19"><span class='ocrx_word' id='word_1_445' title='bbox 93 3102 133 3141; x_wconf 80' lang='lat' dir='ltr'>Alii</span> <span class='ocrx_word' id='word_1_446' title='bbox 147 3101 258 3153; x_wconf 88' lang='lat' dir='ltr'>utriusque</span> <span class='ocrx_word' id='word_1_447' title='bbox 273 3104 414 3160; x_wconf 70' lang='lat' dir='ltr'>euangelistae</span> <span class='ocrx_word' id='word_1_448' title='bbox 430 3104 527 3144; x_wconf 86' lang='lat' dir='ltr'>ordinem</span> <span class='ocrx_word' id='word_1_449' title='bbox 542 3103 571 3143; x_wconf 91' lang='lat' dir='ltr'>ita</span> <span class='ocrx_word' id='word_1_450' title='bbox 586 3115 632 3143; x_wconf 90' lang='lat' dir='ltr'>esse</span> <span class='ocrx_word' id='word_1_451' title='bbox 650 3102 753 3142; x_wconf 88' lang='lat' dir='ltr'>selectum</span> <span class='ocrx_word' id='word_1_452' title='bbox 771 3102 904 3149; x_wconf 82' lang='lat' dir='ltr'>existimant,</span> <span class='ocrx_word' id='word_1_453' title='bbox 920 3103 943 3141; x_wconf 91' lang='lat' dir='ltr'>ut</span> 
     </span>
     <span class='ocr_line' id='line_1_44' title="bbox 68 3167 943 3219; baseline 0.002 -15"><span class='ocrx_word' id='word_1_454' title='bbox 68 3168 125 3207; x_wconf 88' lang='lat' dir='ltr'>omni</span> <span class='ocrx_word' id='word_1_455' title='bbox 135 3167 246 3208; x_wconf 89' lang='lat' dir='ltr'>hominum</span> <span class='ocrx_word' id='word_1_456' title='bbox 255 3168 327 3216; x_wconf 78' lang='lat' dir='ltr'>generi</span> <span class='ocrx_word' id='word_1_457' title='bbox 338 3169 365 3208; x_wconf 88' lang='lat' dir='ltr'>sit</span> <span class='ocrx_word' id='word_1_458' title='bbox 375 3170 495 3210; x_wconf 88' lang='lat' dir='ltr'>consultum</span> <span class='ocrx_word' id='word_1_459' title='bbox 501 3182 505 3219; x_wconf 89' lang='lat'>;</span> <span class='ocrx_word' id='word_1_460' title='bbox 515 3168 624 3208; x_wconf 89' lang='lat' dir='ltr'>interdum</span> <span class='ocrx_word' id='word_1_461' title='bbox 635 3168 692 3207; x_wconf 85' lang='lat' dir='ltr'>enim</span> <span class='ocrx_word' id='word_1_462' title='bbox 702 3179 778 3207; x_wconf 82' lang='lat' dir='ltr'>ranam</span> <span class='ocrx_word' id='word_1_463' title='bbox 786 3167 874 3219; x_wconf 83' lang='lat' dir='ltr'>gloriam</span> <span class='ocrx_word' id='word_1_464' title='bbox 884 3178 943 3219; x_wconf 88' lang='lat' dir='ltr'>prae·</span> 
     </span>
    </p>
   </div>
   <div class='ocr_carea' id='block_1_8' title="bbox 0 0 1110 3575">
    <p class='ocr_par' dir='ltr' id='par_1_9' title="bbox 0 0 1110 3575">
     <span class='ocr_line' id='line_1_45' title="bbox 0 0 1110 3575; baseline 0 0"><span class='ocrx_word' id='word_1_465' title='bbox 0 0 1110 3575; x_wconf 95' lang='lat' dir='ltr'> </span> 
     </span>
    </p>
   </div>
  </div>
 </body>
</html>
