2239 3511
129 206 169 244 aad
330 231 331 234 η
463 199 537 234 tibrim
554 194 586 240 13,
603 194 671 233 cll-35:
718 195 723 200 ’

68 323 70 334 s
126 306 183 345 rum,
200 294 320 336 imbuantur
333 295 368 334 vel
383 295 406 333 ut
419 304 519 333 numerus
533 292 638 334 referatur
647 292 673 332 ad
685 292 776 332 fructum
791 291 940 340 centesimum,
953 302 1013 338 sexa-

128 351 243 412 gesimum,
258 353 399 398 trIeesimum.
415 358 482 410 Atque
497 357 603 398 eiusmodi
618 358 687 410 plura;
701 357 739 396 sed
754 357 779 397 de
790 356 824 396 his
838 356 891 396 satis.
904 356 941 395 Uti
955 356 1013 395 enirn

127 425 223 472 doctrina
234 423 337 475 evangelii
351 423 451 479 omnibus
464 423 559 463 inomni
571 435 593 463 re
603 425 635 464 est
647 423 748 474 prolicua,
760 422 790 462 ita
801 420 953 474 applicationes
968 420 1015 460 fieri

127 491 220 540 possunt
229 488 331 530 infinitae.
341 489 383 540 Uni
390 487 516 542 Stetaaaepcr
527 489 609 541 placuit
618 488 745 528 fermentum
756 486 859 539 explicare
867 485 919 527 deri
930 479 1015 525 iudaice

52 548 63 558 ²
106 554 339 606 cigentiliinssuxul
396 549 398 552 ’

162 650 220 691 Dum
241 647 340 692 Christus
362 649 428 706 regni
449 648 576 692 doctrinam
589 649 710 710 ¹parabolis
732 649 849 708 proponit,
869 648 942 692 etiam
964 648 1007 691 hoc
1042 671 1043 674 =

102 723 103 727 ’
134 717 234 762 docendi
251 718 317 763 modo
334 734 358 763 se
374 720 457 779 probat
468 722 588 780 tamquam
604 720 730 780 principem
747 720 909 779 prophetarum
927 718 967 778 qui
984 719 1008 761 in

133 804 156 832 se
177 789 276 849 perfecte
292 791 400 851 exprimit
418 807 444 836 ae
462 793 560 851 complet
583 806 738 851 quaecumque
760 808 773 836 a
793 791 908 851 prophetis
924 790 1008 850 praefi-

135 862 219 916 gurata
233 864 255 905 et
268 861 405 907 adumbrata
416 865 473 906 sunt.
488 863 551 906 Unde
565 863 623 906 sicut
634 877 703 921 supra
716 877 738 907 v.
759 867 785 908 13
800 863 857 907 ratio
872 861 962 906 reddita
977 864 1008 905 est

120 922 176 974 'cur
186 932 307 990 parabolas
319 933 394 976 turbis
410 933 574 991 nonexplicat,
593 933 624 976 ita
639 947 698 976 nune
710 934 770 983 ratio
781 932 879 988 affertur,
892 948 933 976 cur
946 933 1008 976 hunc
1022 983 1023 986 Ἰ
1047 986 1048 991 ¹

136 1000 231 1045 docendi
244 1002 336 1046 modum
352 1003 422 1047 etiam
437 1001 591 1062 adoptaveritj
605 1003 653 1047 vult
666 1002 726 1048 enim
738 993 887 1059 evangelista,
902 1007 929 1047 ut
945 1004 1008 1047 omni
1023 1060 1024 1065 1

137 1085 160 1115 cx
180 1076 244 1132 parte
261 1062 387 1131 agnoscant
404 1077 476 1118 lesunr
494 1075 519 1119 in
537 1073 643 1118 omnibus
661 1071 751 1119 veteris
762 1075 889 1129 testamenii
906 1074 1007 1132 figuram

129 1145 243 1204 ettypum
250 1145 276 1189 in
285 1159 307 1188 se
317 1145 455 1204 adimplere3
467 1161 487 1190 v.
500 1151 527 1190 3t
538 1136 595 1189 baec
606 1145 681 1190 omniu
691 1147 782 1209 taratros
793 1153 825 1190 cst
832 1147 892 1190 Iesus
902 1146 927 1190 c‘n
934 1160 1007 1206 purc-

134 1213 191 1259 bola's
200 1210 232 1259 ed
240 1215 350 1260 tantus'ct
363 1216 411 1261 sine
419 1216 534 1276 parabolis
548 1216 741 1276 non'lopaebctacr
752 1217 796 1271 cis,
808 1232 833 1261 eo
844 1217 889 1262 scil.
904 1220 1007 1277 tempore

71 1284 73 1286 ’
94 1333 95 1336 Ἰ
133 1286 196 1345 quod
206 1301 275 1347 supra
286 1303 308 1332 vs
319 1292 346 1332 13
358 1303 405 1347 seq.
418 1281 560 1345 designatum
575 1305 586 1329 a
598 1289 638 1332 etsi
650 1289 721 1333 mulla
734 1290 783 1332 sine
795 1289 903 1348 parabola
914 1287 1005 1341 diberit,

91 1366 93 1370 “
133 1358 175 1413 sed
185 1361 242 1402 tunc
254 1360 363 1418 temporis
379 1359 437 1404 nihil
453 1376 463 1400 o
480 1358 511 1419 (S.
530 1359 611 1418 Chrys.
625 1359 721 1418 Tbeoplc.
733 1360 804 1403 Eartd.
818 1360 882 1416 Dico.
898 1360 962 1420 ete.);
977 1360 1008 1403 ita

132 1429 270 1474 sententiam
281 1434 326 1473 esse
344 1430 576 1485 circumscribendam
590 1446 616 1473 er
632 1446 652 1475 v.
669 1435 695 1474 10
710 1431 801 1484 elucen-
811 1431 848 1479 illa
862 1431 923 1475 enim
935 1431 1006 1474 inter-
1028 1465 1030 1469 ,

100 1495 104 1501 ’
131 1501 252 1558 rogatione
264 1503 326 1559 patet
342 1500 456 1545 Christum
471 1504 520 1545 tum
533 1501 605 1544 aliam
617 1500 712 1563 docendi
729 1502 840 1545 rationem
856 1500 1008 1545 turbis-adhi
1090 1544 1108 1558 „-

131 1571 216 1616 buissc.
230 1562 395 1632 Verba‘autem
408 1572 464 1616 haec
477 1573 501 1615 in
515 1568 647 1616 universum
663 1572 766 1631 accipere
784 1571 818 1630 (ut
832 1573 901 1632 aliqui
917 1573 1006 1631 volunt)
1073 1578 1075 1581 ’

51 1650 53 1656 ‘
130 1642 222 1687 videtur
235 1644 305 1687 solum
320 1658 369 1692 esse
386 1642 537 1700 excogitatum
553 1642 583 1687 ad
598 1643 749 1687 deridendum
766 1643 1020 1701 evangelistamstlum·

126 1713 207 1769 postea
219 1710 288 1754 etiam
299 1710 426 1769 parabolae
438 1710 576 1765 subdantur,
591 1712 701 1770 putarunt
711 1711 808 1769 quidam
820 1708 956 1756 sententiam
970 1711 1015 1756 hoc

127 1780 180 1825 loco
194 1796 315 1841 perperam
327 1796 376 1827 esse
386 1781 496 1826 intrusam
507 1785 577 1839 atque
587 1780 797 1840 interpolatam‚'dt
810 1782 936 1827 arbitraria.
948 1784 1012 1837 Nam,

53 1861 54 1864 ’
126 1851 163 1894 uti
175 1866 202 1895 ex
211 1867 233 1897 v,
248 1857 276 1896 36
287 1853 376 1911 patefit,
392 1852 529 1909 evangelista
542 1851 581 1895 bie
594 1846 675 1896 seriem
687 1852 856 1911 parabolarum
867 1867 925 1911 quae
938 1852 1014 1897 turbis

130 1920 207 1964 diotae
219 1923 271 1964 sunt
280 1920 438 1980 interrumpit;
453 1920 646 1979 quemadmodum
656 1921 735 1980 ,itaque
749 1921 805 1965 alias
818 1921 884 1964 rebus
894 1936 906 1964 a
916 1919 1005 1968 Christo
1028 1955 1031 1961 .
1103 1912 1105 1918 '

128 1992 209 2048 gestis,
227 1991 341 2044 miraculis
352 1992 507 2046 sanationum,
525 1991 645 2045 oraculum
655 1984 701 2035 ,illis
713 1992 835 2051 impletum
846 1991 922 2036 subdit
937 1995 1003 2047 8,17;

81 2087 84 2092 ·
130 2066 206 2117 1218,
226 2063 258 2106 ita
274 2062 375 2107 eundem
393 2063 485 2107 modum
505 2052 583 2106 nostro
601 2062 649 2106 loce
666 2066 735 2107 tenet.
757 2062 810 2113 Quis
829 2066 902 2107 autem
922 2063 1005 2106 dixerit

128 2138 184 2189 8,17
196 2136 239 2178 etc.
253 2148 375 2193 perperam
390 2133 476 2177 intrudi
489 2133 609 2178 oraculum
622 2134 675 2192 quia
689 2136 768 2193 postea
782 2135 863 2177 iterum
876 2135 1005 2177 curationes
1031 2143 1034 2146 “

127 2206 263 2249 morborum
274 2206 419 2249 narrentur?
435 2220 455 2248 v.
476 2208 502 2250 35
520 2211 546 2249 act
564 2202 696 2263 impleretur
713 2204 777 2264 qued
793 2203 878 2249 dictum
897 2213 948 2249 erat
963 2219 1005 2264 per

66 2328 68 2332 ¹
124 2277 263 2335 proplietam
273 2276 318 2321 scil.
333 2290 377 2336 per
390 2276 464 2319 virum
476 2276 514 2335 qui
526 2290 573 2319 non
584 2290 624 2319 suo
634 2276 726 2320 nomine
736 2290 778 2321 sua
789 2274 925 2335 loquebatur
938 2275 978 2319 sed
991 2291 1005 2319 a
1024 2281 1026 2284 ’

127 2351 173 2391 Deo
186 2348 307 2406 inspiratus
318 2347 427 2391 nuntium
440 2347 543 2391 divinum
557 2347 697 2406 perferebat3
712 2361 767 2391 cum
780 2349 814 2391 rs.
826 2351 853 2391 77
864 2347 1004 2392 inscribatur

128 2404 185 2479 qipa?
196 2421 226 2472 τῷ
243 2412 322 2476 Ἀσάφ,
337 2418 415 2477 Asaph
432 2413 596 2475 intelligendus
614 2417 655 2461 erit
672 2418 711 2477 qui
727 2422 740 2461 2
759 2421 809 2462 Par.
827 2423 893 2473 abac
909 2406 1009 2476 nomine*

128 2493 167 2549 opu
175 2489 255 2541 cidens
267 2488 386 2548 prophetis
402 2488 516 2532 communi
534 2488 674 2547 appellatum
690 2485 796 2542 eprerc'enc
812 2487 836 2531 tn
847 2480 966 2547 parabolis
981 2502 1003 2531 os

101 2556 111 2619 J
127 2550 219 2615 raesens,
236 2559 338 2603 caraciaco
357 2557 518 2618 absconditae
535 2558 694 2602 constitutione
713 2557 808 2614 maadi;
822 2559 849 2603 cf.
867 2563 899 2603 Ps.
920 2563 949 2604 77
966 2558 1003 2618 (78

126 2630 215 2696 hebr),
233 2635 256 2681 Ξῖ
276 2629 495 2691 absconda'te,nit⁷u
512 2635 653 2692 aenigmata;
673 2635 738 2680 hebr.
757 2635 785 2679 ab
803 2635 879 2690 initio,
898 2639 952 2680 LXX
966 2635 1001 2676 ἀπ’

127 2707 200 2768 ἀρχῆς.
221 2708 336 2752 Psalmista
354 2721 391 2752 res
409 2710 482 2765 gestas
500 2706 656 2752 Israelitarum
674 2710 695 2751 et
712 2707 802 2751 variam
821 2721 898 2752 eorum
917 2709 1003 2751 sortem

127 2781 197 2823 refert
207 2779 236 2822 ab
248 2779 307 2823 exitu
319 2779 347 2823 de
361 2781 464 2838 Aegypto
477 2777 592 2838 usquead
605 2777 675 2821 David
688 2793 714 2822 eo
727 2777 822 2822 oonsilio
835 2781 859 2822 ut
872 2778 951 2821 doceat
964 2791 1003 2836 po-

127 2849 221 2909 pulum,
235 2869 244 2890 u
256 2853 281 2895 ut
292 2852 379 2909 ponant
393 2850 418 2894 in
432 2854 474 2894 Deo
490 2864 554 2909 spem
571 2864 635 2893 suam
648 2852 670 2893 et
686 2849 798 2911 mandata·
810 2849 857 2892 eius
872 2848 1001 2907 exquirant,
1024 2850 1026 2853 ’

89 2933 91 2939 ⁴
113 2920 156 2965 vne
169 2920 226 2964 fiant
236 2921 291 2964 sicut
303 2924 379 2979 patres
392 2936 469 2965 eorum
481 2940 490 2960 »
502 2923 543 2980 (Ps.
561 2924 623 2975 77,7.
639 2921 660 2979 8)
674 2920 712 2964 sed
726 2923 752 2964 ut
766 2921 860 2963 narrent
872 2918 951 2965 laudes
965 2919 1004 2964 oei

127 2995 148 3036 et
161 2992 261 3035 virtutes
270 2990 315 3034 eius
327 2995 349 3035 et
360 2992 473 3036 mirabilia
483 3007 540 3051 quae
554 2991 609 3035 tecit
624 3006 645 3046 r.
661 2995 682 3036 b.
698 2992 841 3048 Quapropter
850 2991 873 3035 in
884 2991 1004 3036 eventibus

125 3063 173 3107 illis
186 3062 289 3121 exempla
302 3062 410 3120 proponit
423 3066 444 3105 et
457 3061 617 3106 similitudines
631 3075 656 3104 ex
671 3059 754 3119 quibus
768 3059 855 3106 discant
866 3063 904 3106 Dei
918 3060 1004 3119 agendi

125 3134 221 3179 modum
239 3135 261 3177 et
275 3132 412 3176 documenta
427 3147 513 3175 morum
527 3132 676 3190 depromant,
694 3130 727 3174 uti
744 3131 861 3190 psalmista
875 3133 956 3186 (statim
973 3131 1003 3176 ab
