2239 3511
125 168 163 207 tlt
483 177 557 206 xxxrrn.
575 167 593 212 3,
610 167 654 206 4-5.

125 280 149 309 eo
159 275 222 322 posse
232 269 273 309 dici
284 271 366 308 certum
373 268 457 307 videtur
467 278 536 317 neque
544 266 571 306 iis
580 257 740 306 assentiendum
749 265 788 305 erit
797 266 834 318 qui
843 267 920 307 volunt
928 278 952 307 ea
961 265 1004 306 dic-

124 335 182 374 tione
192 346 235 374 non
245 334 288 373 mel
298 334 340 373 tale
355 332 392 371 sed
403 332 472 371 solum
489 332 587 371 arborum
602 331 765 385 plantarumque
783 342 872 371 succum
886 332 1003 383 designari.

124 399 181 445 Quae
192 398 250 438 enim
259 397 452 438 afferuntursolum
463 396 672 437 ostenduntsuccum
683 396 818 436 illumetiam
831 407 856 436 eo
867 396 955 456 nomine
966 409 1005 447 ap-

123 463 204 515 pellari,
216 475 286 515 neque
297 466 370 503 tamen
379 461 472 502 eilieiunt
480 463 509 502 ita
519 473 599 502 nomen
608 473 654 502 esse
665 460 682 501 ei
694 461 804 514 proprium
815 464 838 502 ut
847 461 873 501 ad
883 460 936 505 nihil
946 461 1004 500 aliud

123 529 166 569 iam
177 529 302 581 applicetur.
312 528 388 568 Suldas
399 540 415 569 s.
427 540 447 567 v.
459 526 509 581 ἀκρίς
517 527 569 567 haec
580 539 585 567 ε
596 525 636 577 μέλι
648 527 708 579 ἄγριον
719 526 762 579 ὅπερ
773 525 807 564 ἀπὸ
818 528 852 565 τῶν
865 527 940 580 δένδρων
951 530 1005 565 συνα-

122 593 203 647 γόμενον,
215 594 273 645 μάννα
282 596 317 639 τοῖς
328 594 399 638 πολλοῖς
406 591 567 647 προσαγορεύεταν;
580 593 678 633 similiter
687 592 793 633 Diodorus
804 593 885 633 siculus
896 594 957 639 tall-l
968 604 1004 633 eo-

80 663 82 668 ’
123 659 173 699 dem
180 649 267 700 nomine
278 660 379 700 arborum
389 670 476 700 succum
486 659 590 712 designat.
602 660 632 698 Ex
641 659 705 699 altera
713 660 771 710 parte
781 669 824 698 non
838 659 909 709 potest
919 652 1004 697 ostendi

123 725 165 765 mel
174 726 200 765 ab
210 726 286 778 apibus
298 725 418 766 confectum
428 737 501 766 revera
516 724 556 776 μέλι
568 724 627 778 ἄγριον
637 736 686 781 esse
698 722 835 777 appellatum,
846 723 905 764 Unde
921 735 946 763 ex
956 723 1003 763 solo

123 790 210 831 nomine
223 795 271 832 utra
285 791 397 844 explicatio
411 790 438 831 sit
451 790 589 843 praeferenda
601 790 641 830 diei
655 790 735 841 nequit.
745 789 811 840 Quare
825 789 879 829 ratio
890 788 1004 842 potissima

124 856 177 896 mihi
186 856 271 907 videtur
280 868 326 896 esse
336 857 429 907 petenda
438 867 463 895 ex
471 856 528 895 vitae
539 855 661 895 austeritate
670 867 735 906 quam
744 855 874 907 evangelista
883 855 1003 905 describere

123 921 167 960 vult
179 923 200 961 et
210 921 235 960 ad
247 932 311 972 quam
323 921 365 960 mel
375 920 432 978 quod
442 920 499 961 inter
508 919 612 971 cupedias
623 920 696 960 referri
708 920 771 960 dehet
779 932 823 959 non
834 919 939 972 congruit.
950 920 1002 961 Suc-

123 998 172 1026 cum
183 987 244 1026 illum
256 984 403 1039 (Baumhonig,
412 997 453 1025 une
463 987 519 1026 sorte
530 985 556 1025 de
564 996 650 1037 gomma
659 984 741 1038 sucree)
749 984 772 1024 in
780 984 898 1034 arboribus,
910 985 1002 1026 arbustis

122 1052 199 1104 plantis
211 1052 339 1103 quibusdam
350 1051 396 1091 eius
406 1051 500 1103 regionis
511 1050 601 1091 inveniri
612 1050 667 1090 inter
677 1062 751 1091 omnes
762 1052 823 1090 const
837 1052 852 1090 t.

148 1119 248 1159 Veterum
258 1117 422 1169 protestantium
430 1117 556 1169 interpretes
567 1117 687 1171 complures
694 1115 838 1156 'solitudinem
849 1118 871 1156 et
878 1117 933 1157 vitae
943 1126 1002 1169 aspe-

122 1184 208 1223 ritatem
222 1194 234 1221 a
247 1182 325 1222 Ioanne
338 1193 449 1222 removere
465 1181 585 1228 studebant,
597 1192 623 1221 ne
634 1182 678 1221 scil.
691 1184 773 1222 ascetae
788 1181 901 1221 cuiusdam
910 1181 1002 1227 velmo-

121 1248 184 1291 naehi
199 1248 294 1299 speciem
310 1250 330 1288 et
346 1247 491 1299 poenitentiae
506 1247 600 1298 agendae
617 1246 725 1299 specimen
738 1247 761 1286 in
778 1258 799 1286 se
815 1245 932 1286 exhiheret.
950 1246 1001 1287 ideo

123 1325 173 1354 eum
183 1325 226 1353 non
238 1314 260 1353 in
269 1314 361 1359 deserto,
371 1314 410 1353 ,sed
421 1312 444 1351 in
454 1312 519 1352 domo
529 1324 553 1352 ac
563 1312 643 1352 familia
651 1323 719 1364 prope
728 1312 837 1362 desertum
848 1312 956 1353 habitasse
967 1310 1000 1353 ex-

122 1379 237 1430 plicabant,
247 1380 327 1424 vestem
341 1377 372 1416 illi
383 1378 462 1417 dabant
473 1377 598 1417 scutulatum
611 1377 778 1429 undulatamque
788 1377 820 1417 vel
831 1377 908 1417 saltem
918 1380 1000 1418 vestem

122 1456 147 1483 eo
157 1447 254 1495 tempore
265 1444 376 1495 vulgarem
385 1446 406 1482 et
417 1443 525 1491 usitatam,
537 1443 608 1482 cibum
616 1454 658 1482 non
668 1442 765 1490 locustas,
776 1442 812 1482 sed
822 1441 899 1494 καρίδες,
913 1454 1000 1483 cancros

121 1508 221 1549 marinos.
234 1509 311 1548 Contra
321 1519 412 1560 quorum
425 1507 568 1559 expositiones
578 1507 677 1559 plurimis
690 1507 725 1547 SS.
737 1508 825 1547 Petrum
839 1508 969 1548 testimoniis
980 1513 1001 1550 et

121 1574 241 1614 rationibus
252 1585 277 1613 ex
285 1585 325 1613 usu
335 1573 449 1612 verborum
463 1572 535 1624 petitis
550 1572 593 1612 iam
602 1572 645 1624 egit
654 1572 673 1612 b.
681 1571 759 1612 ‘Petras
770 1571 875 1624 Cantetur,
887 1574 1000 1614 Gemmen-
1043 1577 1051 1586 “’

108 1665 110 1667 -
122 1640 223 1679 lariorum
237 1638 263 1678 de
278 1638 341 1679 Verbi
356 1638 394 1689 Dei
408 1637 532 1690 corruptelis
547 1637 600 1677 liber
608 1638 698 1689 primus,
710 1638 805 1689 Dilingae
821 1638 879 1687 ltili,
891 1650 912 1690 p.
923 1640 998 1689 brou

120 1705 200 1756 pariter
209 1706 275 1754 agunt
284 1701 349 1743 irata.
360 1702 410 1742 Bor.
422 1702 487 1758 Lop.,·
498 1703 625 1743 recentiores
638 1702 733 1743 nativam
743 1703 859 1743 verborum
873 1704 916 1743 vim
932 1706 1000 1756 expli-

121 1771 169 1810 cant
179 1772 200 1809 ct
210 1769 294 1809 ascesin
303 1768 412 1820 baptistae
420 1768 511 1807 describi
522 1770 643 1820 agnoscunt,
654 1767 685 1807 uti
696 1768 739 1821 iam
749 1766 935 1820 Bulaeuhauitus
947 1782 999 1821 quo-

121 1846 162 1886 que
173 1836 194 1874 et
203 1835 272 1874 victus
281 1833 382 1874 Iohannis
393 1833 537 1885 praedicabat.

149 1980 199 2022 Post
208 1976 341 2022 Malachiam
350 1976 366 2021 i,
379 1991 398 2020 e.
411 1979 461 2036 post
471 1980 562 2035 tempus
572 1975 693 2020 Nehemiae
703 1975 750 2020 iam
761 1977 839 2021 nullus
852 1980 918 2021 allec
929 1979 999 2022 susci-

119 2051 177 2094 tatus
196 2051 244 2093 erat
266 2048 387 2107 propheta.
413 2047 554 2107 Exspectatio
571 2051 649 2091 tamen
672 2050 693 2090 et
712 2046 852 2091 desiderium
873 2048 998 2107 prophetae

119 2119 220 2177 vigebat,
230 2119 265 2163 uti
281 2118 436 2177 comperimus
450 2134 476 2162 ex
487 2124 498 2162 1
509 2118 577 2162 llach.
590 2122 641 2172 hlefi
656 2120 678 2162 et
692 2122 765 2173 thar.
778 2122 847 2162 Porro
859 2133 885 2162 cx
897 2119 998 2164 Danielis

119 2190 227 2234 vaticinio
235 2189 264 2233 de
275 2194 304 2233 70
314 2189 465 2233 hebdomadis
474 2189 543 2234 etiam
558 2189 649 2233 omnino
660 2188 781 2249 probabile
790 2192 823 2234 est
832 2204 941 2247 magnam
955 2207 998 2251 pro

119 2277 145 2306 eo
158 2265 260 2320 tempore
276 2261 397 2305 excitatam
410 2261 479 2306 fuisse
496 2260 692 2320 exspectationem.
712 2264 784 2312 Quare
801 2261 936 2321 explicatur,
953 2251 998 2308 ¹cur

118 2333 186 2389 longe
202 2333 292 2390 lateque
308 2346 349 2391 per
362 2332 470 2376 Iudaeam
483 2332 585 2376 maximat
594 2332 705 2388 exstiterit
719 2332 842 2376 commotio
857 2332 995 2389 animorum,

118 2418 169 2448 cum
180 2392 254 2447 subito
265 2406 361 2449 Ioannes
371 2403 396 2446 in
408 2403 489 2461 habitu
502 2406 523 2446 ct
536 2417 599 2446 more
612 2406 634 2446 et
643 2416 749 2447 sermone
759 2405 862 2447 veterum
871 2404 996 2462 propheta-

118 2488 170 2518 rum
183 2476 288 2530 surgeret
302 2477 323 2517 et
337 2472 372 2516 illi
387 2475 489 2517 omnium
502 2472 615 2516 desiderio
626 2476 648 2517 et
657 2473 817 2532 exspectationi
828 2489 889 2518 nova
902 2474 997 2521 adderet

118 2547 163 2589 suis
179 2543 326 2588 concionibus
337 2543 495 2597 incitamenta3
508 2559 528 2588 ν.
546 2549 558 2588 5
575 2552 629 2588 tam
639 2543 715 2588 erz'bot
730 2544 761 2589 ad
775 2560 826 2603 eam
842 2546 997 2606 ierosolyma·

118 2631 200 2674 agmen
208 2616 270 2661 ducit
278 2616 333 2660 urbs
342 2615 484 2675 principalis;
496 2615 533 2659 isti
544 2615 594 2659 urbi
604 2616 740 2676 praeprimis
751 2616 803 2662 data
812 2620 865 2662 siunt
873 2618 996 2677 splendida

117 2688 282 2747 prophetarum
302 2688 401 2742 oracula,
424 2702 495 2746 quiere
514 2687 539 2731 in
557 2702 583 2732 ea
601 2703 656 2747 prae
674 2688 769 2753 reliquis
788 2689 900 2734 maiorem
919 2689 996 2734 decuit

117 2760 222 2803 exsistere
231 2759 422 2818 exspectationem
433 2762 454 2803 et
464 2759 611 2818 cupiditatem
621 2760 754 2820 explorandi
765 2760 822 2818 quid
832 2761 946 2820 prophete
959 2777 995 2806 re-

117 2831 183 2889 pente
192 2833 283 2874 exortus
296 2830 451 2875 annuntiaret.
465 2835 496 2875 Ex
509 2831 564 2874 urbe
574 2831 697 2874 motusille
704 2835 727 2875 et
735 2832 847 2890 impulsus
857 2830 995 2877 ditl'unditur

117 2899 142 2943 ia
153 2915 240 2945 cracem
252 2901 362 2946 [acolacum
373 2909 395 2946 et
405 2917 492 2946 enarrem
503 2902 619 2961 regionem
632 2902 692 2946 circu
705 2902 840 2961 Iordanum·
853 2912 864 2960 ἡ
881 2909 994 2964 περίχωρος

115 2981 149 3017 τοῦ
160 2974 176 3015 Ι.
189 2971 218 3015 cf.
231 2974 283 3016 Gen.
298 2977 371 3027 13,1o.
383 2978 396 3017 2
407 2977 457 3020 Par„
470 2977 522 3029 lull
533 2974 584 3018 LXX
594 2973 699 3033 planities
712 2977 744 3018 est
755 2977 776 3017 et
786 2976 849 3032 regio
860 2975 885 3018 in
895 2978 993 3034 utraque

115 3037 216 3086 tlunnnis
230 3045 302 3101 porte,
315 3044 351 3087 cui
363 3059 423 3088 iruna
433 3059 517 3089 nomen
531 3048 563 3088 est
576 3043 596 3088 el
607 3044 672 3101 Ghor,
685 3044 761 3088 hlultcs
770 3046 872 3106 uiridique
885 3046 915 3090 ad
926 3049 992 3089 ioan-

115 3127 165 3157 nem
179 3113 312 3157 conlluxisse
323 3114 392 3158 etiam
403 3116 511 3171 Iosephus
522 3115 600 3173 entiq.
617 3119 676 3170 18,5.
689 3118 702 3158 2
715 3117 817 3161 testatur.
830 3119 885 3161 Cum
899 3120 994 3160 Ioannes
