2211 3575
425 229 507 279 narra(
517 239 537 286 5,
554 238 586 278 26.
904 241 948 282 cla

69 337 187 391 purgatorii
194 338 350 390 probationem,
362 338 418 380 sicut
426 351 465 380 nee
474 351 499 380 ex
508 338 640 392 parabolade
650 350 759 388 conservo,
771 338 806 391 qui
818 338 883 380 etiam
895 338 949 381 dioi-

70 407 104 444 tur
113 404 208 444 reclusus
219 403 240 442 in
251 414 357 444 carcerem
367 403 433 445 donec
443 404 541 446 redderet
554 404 679 445 universum
692 404 794 445 debitum.
807 405 847 449 Ubi
859 416 899 457 per
910 405 948 446 clo-

69 481 103 510 uec
119 468 173 509 sicut
190 471 211 509 et
224 469 265 509 hoc
282 469 329 510 loco
344 481 386 510 non
404 470 534 523 significatur
551 470 607 521 quod
628 469 655 509 ad
674 480 720 509 rem
740 471 852 522 parabolae
870 470 946 511 attinet

70 534 296 587 debitum-'aliquando
313 535 479 588 persolvendum
497 537 518 575 et
536 536 588 574 tunc
605 534 726 575 debitorem
743 527 890 585 liberandum,
908 536 946 577 sed

70 598 178 640 locutione
191 601 303 652 parabolae
314 600 448 642 convenienti
462 600 592 652 significatur
604 601 722 640 extremum
734 599 767 640 ius
777 612 801 640 ac
812 600 909 641 debitum
921 601 947 641 ab

71 676 95 705 eo
105 664 259 716 requirendum
268 677 308 708 nec
317 666 376 719 prius
387 677 398 705 e
407 676 490 708 carcere
501 664 635 705 liberandum
645 660 708 716 quam
718 670 781 720 omne
792 666 887 706 debitum
898 677 947 718 per·
994 685 996 689 .

70 722 165 781 solverit3
179 742 263 784 semper
278 733 349 772 autem
363 734 434 771 manet
447 730 595 771 damnatorum
608 730 703 771 debitum
718 742 864 782 necunquam
878 731 903 771 ab
917 730 947 772 eis

71 795 150 836 exsolvi
159 788 234 848 potest
241 812 258 835 ν.
270 796 312 837 Sed
322 795 398 836 merito
407 807 491 848 quoque
503 797 561 836 notat
571 796 623 836 laria.
635 795 743 836 Christum
753 796 849 849 quamvis
860 795 906 836 istis
915 796 947 836 lo·
1011 849 1012 852 Ἰ

70 861 100 901 cis
110 861 201 902 maxime
212 861 329 914 significare
339 861 430 906 voluisse
443 861 540 902 videatur
549 872 642 913 poenam
656 862 773 908 aeternam,
783 863 856 919 iernen
867 859 946 901 directe

70 926 139 966 solum
149 926 219 966 dicere
233 938 275 967 non
287 927 345 979 prius
358 927 453 980 aliquem
465 939 476 968 e
492 938 574 967 carcere
586 927 722 971 liberandum
733 938 799 980 quam
812 938 876 967 omne
886 925 946 967 debi-
1006 939 1008 941 ’

70 993 115 1032 tum
124 992 247 1044 persolverit
256 994 276 1032 et
285 991 351 1033 debiti
361 992 491 1033 solutionem
500 1003 598 1034 coaevam
607 1003 652 1033 esse
662 993 754 1044 tempori
765 991 945 1033 incarcerationis.

70 1057 143 1109 ltaque
154 1057 179 1097 de
189 1057 230 1097 alia
244 1058 366 1109 quaestione
378 1049 472 1109 possitne
484 1057 579 1097 debitum
589 1056 641 1097 solvi
653 1057 686 1097 vel
700 1056 762 1108 quale
773 1056 871 1097 debitum
883 1058 947 1108 queat
985 1086 989 1111 r

71 1122 125 1162 solvi
136 1123 196 1174 quale
209 1125 312 1179 nequeat,
327 1122 381 1163 nihil
392 1134 417 1162 en
429 1122 527 1171 hocloco
540 1122 585 1162 erui
596 1124 673 1173 potest.
686 1122 777 1162 Demum
790 1122 854 1162 etiam
868 1122 946 1162 merito
982 1161 984 1170 ,

70 1187 160 1227 advertit
169 1187 228 1227 idem
238 1187 294 1227 lens.
305 1201 312 1224 .·
323 1201 333 1223 (ι
345 1187 368 1227 in
377 1186 484 1239 parabolis
493 1198 537 1227 non
548 1188 597 1227 sunt
610 1186 693 1238 singula
703 1186 829 1239 applicanda
841 1187 872 1227 rei
882 1186 948 1239 signi*
973 1223 974 1226 ,

71 1252 149 1299 ficatae,
161 1252 199 1292 sed
209 1252 275 1292 totius
286 1251 390 1292 sermonis
401 1252 473 1304 potius
483 1262 561 1304 scopus
572 1253 593 1291 et
601 1251 692 1291 intentio
702 1252 817 1303 spectanda
827 1253 859 1291 est
867 1267 885 1291 ν,

98 1317 121 1357 ln
134 1317 198 1358 huius
213 1317 326 1369 parabolae
339 1317 481 1370 applicatione
494 1316 561 1357 multa
575 1316 692 1369 excogitata
705 1319 762 1356 sunt.
774 1316 885 1364 Quaeritur
899 1316 947 1368 quis

72 1382 99 1421 sit
108 1382 254 1423 adversarius?
264 1374 309 1424 cat.
320 1382 449 1435 respondet:
460 1385 504 1423 esto
513 1383 617 1434 benignus
627 1393 650 1422 ac
660 1382 774 1422 benevolus
782 1382 864 1422 homini
875 1381 948 1422 adver-

72 1448 124 1487 santi
139 1449 189 1497 tibi,
204 1438 300 1500 quamvis
310 1451 332 1489 tu
347 1460 389 1488 non
398 1448 516 1489 adverseris
525 1447 555 1496 ei,
565 1447 605 1489 boc
617 1449 659 1496 est,
671 1458 698 1487 ne
708 1447 804 1488 irascaris
818 1447 946 1499 adversario,

72 1515 108 1555 sod
120 1516 164 1554 esto
176 1514 195 1552 ei
205 1514 333 1563 benevolus;
344 1525 370 1553 ne
381 1513 437 1554 dicas
447 1513 466 1553 ei
477 1525 529 1562 raca,
540 1525 566 1553 ne
576 1512 633 1553 dicas
643 1512 662 1552 ei
672 1513 737 1553 fatue.
748 1512 790 1553 Alii
801 1512 947 1553 adversarium

71 1579 194 1631 intelligunt
203 1579 272 1630 legem
280 1579 314 1618 vel
325 1589 444 1634 sermonem
455 1578 560 1626 divinum,
572 1578 653 1629 quippe
664 1577 700 1628 qui
709 1577 834 1617 adversetur
845 1577 948 1629 cupidita-

71 1646 129 1685 tibus
145 1643 255 1684 hominum
273 1644 301 1694 (S.
316 1642 374 1695 Ba),
386 1643 421 1683 alii
438 1643 514 1683 eodem
529 1653 592 1683 sensu
608 1642 710 1694 Spiritum
725 1644 822 1683 sanctum
837 1640 946 1695 (Caroea),

72 1711 104 1751 vel
114 1712 181 1750 Deum
191 1706 272 1762 (dap.);
284 1709 350 1748 immo
361 1719 403 1747 non
413 1708 526 1748 defuerunt
537 1707 573 1759 qui
583 1707 692 1748 diabolum
706 1707 850 1759 intelligerent
858 1707 891 1747 vel
901 1718 946 1748 car-

71 1787 131 1823 nem,
145 1776 291 1824 contraquam
303 1766 465 1824 explicationem
478 1773 522 1812 iam
532 1771 556 1812 S.
570 1772 626 1812 Hier.
638 1774 723 1824 pugnat.
734 1772 804 1812 Facile
818 1773 890 1812 autern
902 1771 949 1813 fluit

72 1838 205 1892 err-parabola
213 1838 325 1886 monitum,
335 1840 359 1878 ut
367 1837 408 1877 cito
417 1848 566 1894 removeamus
577 1840 597 1877 et
608 1837 718 1889 expiemus
730 1837 878 1889 quodcumque
888 1836 949 1878 nobis

72 1916 142 1946 coram
155 1906 198 1944 Deo
212 1903 282 1944 iudice
296 1903 401 1944 adversari
411 1905 481 1955 potest
494 1905 515 1943 et
528 1901 633 1943 eiusmodi
646 1902 777 1944 adversarios
788 1913 834 1943 esse
844 1902 948 1955 plurimos
976 1942 979 1951 ,

23 1959 25 1963 ’
71 1970 187 2022 nquoaar.
201 1969 307 2021 σσικνκρσ
318 1969 344 2008 ιιι
354 1980 375 2020 p.
387 1970 411 2009 oa
423 1980 467 2019 seq.
726 1964 727 1967 ’

101 2034 152 2082 Quis
172 2033 199 2073 sit
217 2033 252 2073 ille
271 2031 375 2081 minister,
397 2033 430 2073 oui
450 2032 544 2073 tradatur
563 2032 683 2085 culpabilis,
698 2033 771 2078 ,etiam
790 2034 902 2085 quaerunt.
923 2034 950 2073 lit
1008 2086 1010 2088 Ι

71 2102 92 2142 S.
105 2100 184 2140 Clamat.
199 2098 289 2157 quidem¹
296 2099 394 2151 angelum
408 2100 564 2139 tormentorum
574 2109 623 2139 eum
633 2098 787 2147 nominabant
797 2111 847 2138 eum
860 2109 906 2138 esse
916 2098 949 2139 di·
1002 2117 1005 2127 ι

34 2193 36 2198 ›
71 2168 120 2206 cunt
133 2164 232 2217 angelum
246 2164 283 2215 qui
297 2164 375 2204 zizania
388 2164 469 2216 colligit
481 2163 561 2218 (illailla
576 2164 644 2213 lael.
660 2166 696 2213 423
710 2164 739 2215 ql.
752 2163 804 2217 ord.)
816 2163 850 2204 vel
864 2162 948 2215 angelos

71 2230 108 2282 qui
118 2221 201 2270 venturi
212 2230 254 2268 sint
264 2241 315 2269 oum
326 2229 407 2269 Ghristo
417 2229 486 2269 iudice
497 2228 528 2285 (S.
539 2228 592 2281 Arg.
604 2229 677 2270 Parra.
690 2229 740 2269 Ara.
750 2228 847 2281 Sciraazg
857 2228 895 2268 alii
906 2228 949 2268 dia-

66 2295 144 2342 bolum
152 2293 275 2345 intelligunt
285 2293 391 2344 designari
401 2293 474 2346 (Zucla.
486 2294 551 2345 corps.
564 2292 645 2346 illota).

299 2430 314 2476 e)
328 2431 505 2467 demandatum
518 2434 606 2466 sextum
618 2431 718 2475 aab-32.

94 2546 142 2587 aaa.
159 2546 241 2580 Audistis
256 2547 300 2588 quia
315 2546 384 2580 dictum
402 2547 430 2580 est
446 2548 496 2580 anti·
546 2545 594 2588 5,ss
605 2543 698 2579 Ἠκούσατε
714 2544 740 2579 δτι
757 2543 824 2592 ἐρρήθη·
843 2544 861 2579 ob
877 2545 947 2592 μοιχεί-

70 2606 320 2648 quisznonmoeolraberis.
335 2605 363 2641 28.
378 2605 418 2648 Ego
431 2608 494 2640 autem
521 2615 560 2644 σεις.
584 2606 613 2639 28.
636 2603 670 2649 ἐγὼ
692 2603 709 2638 δὲ
722 2604 768 2651 λέγω
789 2604 829 2652 ὑμῖν
850 2604 876 2639 ta
891 2604 947 2646 καίςδ
986 2601 988 2605 ’
1047 2595 1048 2599 “

70 2665 111 2699 dieo
121 2664 238 2707 vobis,quia
253 2665 313 2706 omnis
327 2665 358 2706 qui
372 2665 440 2698 viderit
452 2674 494 2699 mu-
521 2663 586 2711 βλέπων
620 2665 692 2705 γυναῖκα
725 2664 764 2712 πρὸς
797 2664 816 2700 τὸ
849 2663 948 2711 ἐπιθυμῆσαι

70 2725 135 2759 liorem
153 2723 176 2758 ad
195 2723 362 2766 concupiscendum
386 2733 436 2765 eam,
457 2725 494 2758 ianr
521 2722 582 2767 αὐτήν,
613 2721 645 2768 ἤδη
673 2723 769 2771 ἐμοίχευσεν
798 2722 849 2768 αὐτὴν
880 2723 897 2759 ἐν
927 2729 947 2771 τῇ

70 2785 178 2833 moechatus
195 2786 223 2820 est
239 2770 279 2817 eam
297 2784 317 2818 in
334 2783 388 2817 corde
404 2793 444 2818 suo.
465 2785 494 2818 λδ.
520 2783 579 2828 καρδίᾳ
599 2781 664 2817 ἑαυτοῦ.
684 2784 713 2818 29.
730 2783 745 2818 εἰ
759 2781 778 2817 δὲ
791 2782 802 2819 b
819 2779 904 2831 ὄρθαλμός
918 2796 948 2818 σου

70 2843 124 2883 Quod
137 2844 153 2875 si
167 2843 231 2876 oculus
244 2838 366 2882 ttirrsrtlexter
381 2842 495 2875 scandalizat
519 2841 528 2875 ὁ
547 2840 598 2881 δεξιὸς
616 2841 721 2882 σκανδαλίζει
742 2853 768 2886 σε,
787 2841 833 2884 ἔξελε
852 2842 902 2879 αὐτὸν
922 2843 949 2878 καὶ

70 2903 96 2941 te,
108 2909 152 2933 erue
168 2909 210 2932 erun
220 2901 239 2933 et
252 2900 323 2942 proiice
333 2901 365 2934 abs
380 2901 398 2934 te
403 2909 407 2942 ;
419 2900 494 2943 expedit
521 2899 561 2947 βάλε
577 2899 610 2935 dab
626 2902 662 2935 σοῦ·
680 2901 757 2950 συμφέρει
773 2903 806 2950 γαίρ
822 2915 848 2937 σοι
863 2902 892 2938 ίνα
906 2901 948 2938 ἀκό-

70 2960 119 2993 enim
134 2958 166 2991 tibi
181 2959 201 2991 ut
216 2960 281 3000 pereat
298 2968 355 2993 unum
371 2959 499 3001 membrorum,
520 2959 570 3004 ληται
586 2959 604 2994 ἓν
620 2963 652 2995 τῶν
673 2964 727 3008 μελῶν
743 2974 772 2997 ocu
790 2962 818 2997 καί
835 2963 857 3010 μὴ
873 2962 914 2997 ὅλον
929 2961 948 2997 τὸ

68 3019 209 3060 tuorumquam
220 3018 357 3062 totumcorpus
370 3021 422 3053 tuum
432 3020 494 3054 mitta·
520 3020 567 3066 σῶμα
586 3031 615 3054 σου
632 3020 687 3069 βληθῇ
705 3020 727 3062 είς
746 3023 821 3072 γέενναν.
844 3023 872 3058 30.
891 3020 919 3056 καί
936 3021 950 3056 εί
972 3060 974 3063 ,

64 3080 97 3110 -tur
108 3078 127 3111 in
135 3078 247 3119 gehennam.
259 3076 287 3110 ao,
299 3077 345 3110 Etsi
355 3080 419 3112 dextra
428 3089 495 3114 manus
519 3077 584 3122 ἡδεξιά
604 3091 634 3114 σου
657 3081 694 3128 χείρ
713 3082 822 3123 σκανδαλίζει
848 3094 876 3127 σε,
901 3079 949 3116 talo·
972 3093 974 3096 ·

67 3138 99 3169 tua
109 3137 253 3176 scandalizatte,
263 3136 338 3169 abscide
346 3147 387 3171 earn
396 3140 414 3172 et
423 3140 494 3182 proiice
519 3139 549 3186 ψον
569 3137 619 3183 αὐτὴν
641 3141 669 3175 καί
691 3140 732 3187 βάλε
755 3141 788 3176 dab
815 3143 851 3176 σσῦ·
872 3141 948 3191 συμφέρει

67 3195 99 3228 abs
109 3197 133 3238 te,
146 3196 221 3239 expedit
230 3195 279 3229 enirn
289 3195 322 3228 tibi
333 3199 353 3229 ut
361 3201 425 3239 pereat
436 3208 494 3233 unum
519 3198 551 3246 γάρ
580 3212 606 3234 σοι
626 3198 656 3235 ἵνα
681 3199 763 3245 ἀπόληται
787 3201 805 3246 ἓν
830 3203 863 3236 τῶν
892 3199 947 3246 μελῶν

345 3254 473 3290 llaaununuunu
485 3266 502 3290 nv
514 3259 583 3291 blarru.
596 3260 609 3292 ί,
622 3277 642 3282 -
655 3261 678 3293 10.
