2239 3511
141 203 190 249 1161
384 242 386 244 ,
472 215 545 243 trnrru.
560 205 592 251 tn,
608 205 676 244 tle-ts.

141 285 185 329 erit
197 300 253 345 opus
266 285 381 344 operosius
395 285 518 343 inquirere.
534 281 614 329 Dicunt
624 285 716 345 quidem
726 273 765 329 alii
781 284 887 344 opinione
902 280 1008 343 populari
1045 302 1050 309 s

140 357 188 400 loca
198 356 285 400 deserta
293 355 445 411 inhabitalia
460 355 551 414 diabolo
565 348 624 416 (Bar.
639 360 699 411 t‚35.
717 356 770 400 lob.
786 359 831 411 8,3.
846 357 914 414 Apoc.
934 352 1005 411 18,a);

137 425 179 487 sed
189 441 241 470 cum
250 427 294 471 hoc
303 426 352 471 1000
362 426 465 471 diabolus
473 427 574 482 ibinolit
584 427 698 483 hahitare,
711 426 837 471 observatio
848 425 905 469 haec
914 437 962 467 non
974 426 1007 466 est

140 497 169 541 ad
179 512 235 542 rem.
249 498 293 542 Alii
302 488 352 543 loca
365 497 429 553 arida
438 498 570 556 intelligunt
579 502 668 556 gentes,
679 498 709 543 ad
718 512 774 557 quas
784 497 888 542 diabolus
897 510 911 539 a
918 493 1007 539 ludaeis

140 582 162 612 se
176 569 306 624 contulerit;
320 568 359 614 sed
372 583 424 614 oum
433 569 478 613 fide
494 571 596 628 gentium
608 570 663 616 inde,
671 566 702 614 sit
713 569 816 628 expulsus
826 581 878 627 enm
889 566 1006 610 revertisse

139 639 169 683 ad
177 640 270 685 ludaeos
280 640 311 701 (S.
326 640 396 700 Hier.)
405 657 410 697 ς
419 656 499 686 verum
505 642 626 687 ,cumomni
634 645 736 701 tempore
743 643 777 685 sat
786 640 871 685 multae
880 636 1012 683 exstiterint

139 713 216 767 gentes
224 710 370 768 idololatrae,
380 712 480 772 prolecto
488 717 622 758 non-estcur
630 712 719 758 dicatur
729 711 819 757 diaholo
830 712 874 755 iam
882 723 928 754 non
937 708 1005 774 fuisse

138 781 213 826 locum
229 782 288 827 inter
304 786 390 841 gentes.
411 784 483 828 Etiam
503 785 578 829 minus
594 786 709 841 convenit,
728 789 753 828 ut
764 786 830 828 ‘recte
845 782 910 826 notat
929 774 1004 831 Ionis,
1061 841 1064 847 ‚

139 867 218 897 eorum
227 854 391 911 intelligentie,
401 855 441 913 qui
447 869 489 914 per
498 855 548 899 loca
555 855 619 900 arida
628 856 741 915 explicent
749 855 818 899 corda
826 854 936 902 iustorum
946 864 1005 910 quae
1032 893 1034 897 .

130 924 247 984 exsiccata
264 925 360 981 suntab
376 924 553 973 omniearnalis
571 926 764 985 concupiscentiae
782 926 884 969 humore.
905 921 1004 967 Sufficiet
1034 936 1035 939 ¹

137 994 214 1053 itaque
226 996 250 1038 in
261 995 305 1049 hac
314 997 379 1054 parte
389 994 469 1055 ¹videre
482 996 552 1040 solam
560 996 688 1055 imaginem
697 996 726 1041 ab
736 996 830 1040 homine
839 995 953 1053 sumptam
964 992 1004 1051 spui
1033 1029 1038 1057 ,

137 1068 226 1124 exoptat
239 1066 264 1109 in
279 1066 373 1110 domum
389 1081 452 1110 suam
465 1061 548 1111 reverti
561 1070 583 1111 et
596 1069 633 1112 cui
651 1068 695 1113 alia
710 1067 822 1111 hahitatio
835 1067 926 1126 praeter
940 1063 1003 1108 illam

118 1169 120 1176 .
137 1150 182 1180 non
191 1136 282 1188 arridet.
297 1140 321 1180 ln
333 1152 378 1197 qua
386 1138 487 1195 imagine
498 1141 590 1200 cernere
601 1130 663 1197 potes
672 1138 757 1183 diaboli
766 1153 856 1198 quoque
864 1135 1002 1198 desiderium
1055 1126 1059 1132 ’

136 1222 173 1251 eos
186 1208 268 1267 quibus
277 1207 331 1252 clim
341 1208 411 1252 illusit
417 1208 494 1253 denuo
505 1209 601 1254 venandi
609 1213 630 1254 et
640 1209 758 1270 perdendi.
773 1211 828 1253 Cum
839 1203 938 1252 Christus
949 1205 1002 1250 sub-

135 1278 217 1335 iungat
232 1279 263 1332 srfc
276 1280 319 1323 erit
331 1280 473 1339 generationi
481 1280 545 1334 11010,
557 1281 636 1325 merito
646 1280 784 1341 requirenda
797 1283 828 1324 est
842 1277 963 1339 applicatio
973 1275 1002 1321 ad

91 1391 93 1393 ,
138 1351 248 1408 populum
257 1350 382 1395 iudaicam.
396 1350 489 1403 Quando
501 1353 578 1410 itaque
589 1352 692 1396 diabolus
705 1352 737 1396 01)Ι
745 1366 827 1396 coesse
840 1350 943 1410 expulsus
958 1347 1002 1391 dici

136 1422 223 1479 potest?
235 1421 260 1463 ld
271 1422 357 1465 taetram
367 1436 414 1465 esse
425 1421 512 1475 dicunt,
525 1437 577 1466 oum
589 1422 625 1466 lex
639 1409 733 1470 daretur
742 1426 764 1466 et
775 1417 931 1481 populus'lleo
939 1433 1002 1463 sacer

72 1536 76 1542 ,
136 1491 310 1535 constitueretur
325 1495 347 1535 et
362 1491 468 1535 continuo
485 1507 526 1549 per
542 1493 670 1551 prophetas·
683 1492 810 1536 erudiretur
825 1491 860 1550 (cf.
878 1491 902 1536 S.
923 1489 1001 1548 (turpe.

137 1561 234 1621 l'lreoplc.
248 1560 395 1621 Apolinem'as
409 1561 433 1604 10
446 1564 540 1616 001110.
552 1562 599 1607 Ηὶί,
612 1563 673 1607 Hier.
691 1565 750 1621 Cpr:
760 1562 838 1606 Ambe.
850 1560 905 1606 aad.
919 1560 999 1606 Pescla.

137 1633 202 1677 Dion.
214 1623 274 1694 Idm.
288 1632 386 1693 Setepp,
398 1632 507 1691 Setenrt;
520 1632 558 1678 alii
568 1649 582 1677 a
590 1636 693 1694 tempore
704 1634 775 1679 exsilii
785 1631 1003 1678 daemonemidolo-

135 1702 216 1747 latriae
225 1703 346 1748 efficaciter
356 1717 403 1748 esse
414 1703 532 1763 expulsum
546 1706 667 1764 opinantur
679 1695 786 1765 (11010011,Ἰ
802 1705 860 1764 nup
872 1703 935 1763 Fu..)
948 1705 1003 1746 Cum

137 1774 165 1818 de
187 1776 335 1831 generatione
351 1775 394 1819 leae
413 1788 486 1833 sermo
507 1776 546 1829 sit,
566 1790 621 1833 ergo
642 1775 776 1836 de'populo
794 1775 883 1820 iudaice
901 1778 1002 1833 tempore

92 1870 94 1873 -
138 1845 229 1900 Christi,
240 1860 287 1889 non
294 1848 345 1889 sunt
355 1846 479 1890 omittenda
488 1846 716 1900 variaillaremedia,
728 1861 786 1906 quae
795 1850 888 1891 Ioannes
896 1845 1000 1904 baptista,
1012 1888 1013 1891 ,

138 1915 238 1960 Christus
254 1916 345 1975 eiusque
361 1916 456 1975 apostoli
470 1915 635 1973 adhibuerunt⁷
653 1920 678 1960 ut
696 1918 806 1978 populum
822 1915 943 1961 redderent
958 1918 1018 1973 1100Ι

138 1988 262 2045 acceptum.
277 1986 339 2030 Hisce
349 1986 410 2030 enim
420 1986 484 2044 quasi
496 1987 558 2032 lucta
572 1987 732 2032 instituebatur
745 2002 797 2032 cum
809 1988 919 2032 daemone
930 1989 952 2030 et
964 1986 1002 2030 ille

137 2057 264 2101 arcebatur.
279 2059 306 2101 nt
315 2071 357 2101 vae
368 2057 395 2101 iis
404 2058 445 2115 qui
457 2058 599 2107 haecomnia
611 2058 774 2104 medicamenta
790 2061 907 2119 spernunt.
919 2057 1002 2102 Circuit
1050 2112 1052 2115 ι

138 2128 197 2171 enim
211 2127 315 2171 diabolus
323 2131 440 2186 tamqnam
450 2128 485 2171 leo
494 2129 586 2186 rugiens
596 2143 706 2187 quaerens
716 2143 784 2187 quem
793 2129 895 2183 devoret,
910 2129 946 2171 cui
956 2128 1001 2171 fide

105 2220 107 2223 .
137 2197 286 2243 resistendum
297 2201 337 2247 est.

166 2273 265 2314 Daemon
279 2270 362 2314 reverti
376 2273 473 2329 exoptat.
491 2270 618 2314 Notandum
634 2284 724 2330 quoque
739 2285 808 2329 quam
825 2273 875 2329 apte
892 2268 1002 2328 superbus

137 2341 228 2400 spiritus
238 2340 388 2395 describatur;
398 2341 453 2384 dicit
462 2341 522 2385 rende
531 2340 601 2394 em'oc',
613 2341 677 2400 qrrasi
687 2355 728 2386 sua
735 2343 815 2400 sponte
825 2341 913 2394 exierit3
924 2355 946 2384 se
956 2353 1001 2383 esse

83 2441 84 2444 =
107 2460 109 2464 ,
136 2412 233 2467 victum,
248 2414 361 2467 coactum,
372 2427 401 2455 ne
413 2412 457 2456 sibi
467 2412 560 2470 quidem
572 2412 639 2456 lateri
648 2411 705 2455 vult.
717 2412 781 2454 Venit
794 2411 823 2454 ad
833 2411 924 2453 domum
937 2423 1001 2453 snam

114 2486 117 2518 ‘r
137 2483 247 2540 priorem;
257 2483 321 2526 illam
334 2483 418 2540 reperit
427 2496 535 2542 0000001,
546 2497 592 2525 non
603 2484 735 2540 occupatam
745 2481 774 2525 ab
788 2481 855 2534 hero,
866 2495 911 2523 non
925 2475 1000 2524 deien-

138 2565 185 2596 sam
196 2565 270 2610 neque
282 2553 415 2610 protectam.
432 2555 477 2602 Qua
488 2548 589 2608 imagine
602 2552 661 2595 hene
674 2551 805 2611 depingitur
817 2552 941 2611 populus‘a
954 2554 998 2594 Deo

137 2625 248 2683 apostata,
270 2622 399 2676 derelictus,
420 2622 496 2666 diuino
514 2622 627 2682 praesidio
643 2623 754 2683 privatus,
773 2623 884 2683 expositus
900 2623 1001 2667 incursui

136 2694 219 2738 hostili.
231 2696 323 2754 Insuper
334 2693 414 2738 domus
426 2693 467 2738 illa
477 2708 516 2738 sua
531 2693 643 2738 munditie
655 2694 876 2753 ornatuqueinvitat
890 2693 920 2737 ad
934 2693 999 2736 halsi-

136 2765 239 2809 tandum.
249 2768 362 2816 Quaenam
369 2767 420 2808 sunt
426 2765 483 2809 haec
493 2768 625 2809 ornamenta
633 2759 824 2810 et'incitamenta?
832 2766 888 2808 Sunt
897 2764 936 2821 qm
942 2763 998 2808 liaeo
1042 2796 1043 2799 η

137 2835 248 2894 explicent
258 2836 363 2894 donailla
374 2837 555 2895 supernaturalia
564 2836 647 2895 populo
658 2834 774 2892 concessa,
785 2854 796 2876 e
807 2848 895 2879 summa
903 2836 934 2878 est
948 2833 997 2878 dia-

106 2943 108 2946 .
136 2905 215 2950 bolum
223 2907 248 2948 in
259 2907 286 2949 iis
301 2907 339 2965 qui
356 2906 410 2950 boni
425 2907 549 2966 aliquando
569 2907 661 2951 luerunt
675 2911 697 2951 et
715 2907 770 2951 mali
784 2906 842 2948 fiunt
853 2905 961 2949 libentius
975 2909 997 2949 et

136 2975 277 3022 commodius
293 2977 406 3032 hahitare,
424 2978 478 3037 quia
494 2978 574 3023 domus
591 2981 734 3032 ornamenta,
750 2975 774 3020 id
792 2979 823 3020 est
838 2978 997 3036 mysteriorum

135 3048 244 3106 cognitio,
256 3047 367 3091 excultum
377 3049 469 3092 seientia
479 3049 608 3093 divinarum
617 3063 694 3093 rerum
704 3047 823 3104 ingenium
833 3051 854 3092 et
862 3049 880 3093 si
891 3063 936 3107 qua
945 3051 996 3092 sunt

135 3118 245 3164 eiusmodi
254 3133 312 3177 quae
322 3122 365 3162 Deo
376 3122 453 3177 perata
460 3120 552 3163 'strarant
563 3120 597 3163 illi
607 3119 708 3163 serviunt
719 3136 728 3156 0
741 3119 835 3176 (llcld.;
845 3119 947 3163 similiter
958 3133 995 3177 op.
