2239 3511
81 214 120 255 131
437 224 512 253 111111,
529 215 548 260 5,
565 215 608 253 3-4.

82 313 150 362 vitiis,
162 313 280 353 honoribus
291 315 312 352 et
323 312 406 352 deliciis
416 309 516 364 praebere
527 314 598 365 potest
607 315 706 365 reputant
716 325 761 369 esse
773 325 794 353 se
805 313 960 354 insufficientes

82 378 107 418 ad
116 380 193 426 Deum3
206 379 227 417 61
237 377 285 417 ideo
297 389 357 417 suam
367 380 541 429 recognoscentes
552 378 722 418 insufficientiam
732 379 758 418 ad
767 379 834 418 Deum
846 378 916 417 solum
923 379 960 418 ha-

81 444 131 482 bent
141 453 254 483 recursum
265 458 283 481 u.
294 443 335 483 Iste
344 442 431 483 allectus
440 446 461 483 et
471 444 528 484 istud
537 436 667 484 desiderium
674 446 731 484 certo
742 444 849 484 enascitur
857 443 879 482 in
888 442 914 482 iis
923 443 960 494 qui

81 507 176 548 animum
190 510 346 556 ahterrenarum
356 520 428 548 rerum
441 520 512 548 amore
527 511 548 549 et
560 509 677 562 cupiditate
687 511 778 562 purgant
787 511 808 549 et
817 510 931 549 removent
940 510 961 547 61
1021 533 1023 536 .

81 572 132 613 haec
139 573 205 613 animi
215 573 327 625 dispositio
338 573 424 613 omnino
435 574 550 627 opponitur
558 575 665 614 affectioni
673 574 774 623 diuitum,
785 574 821 626 qui
830 573 956 614 consolatio—

82 649 131 677 nem
147 650 207 678 suam
220 638 242 678 in
253 638 334 679 divitiis
344 642 449 691 quaerunt
459 642 480 680 et
489 639 574 681 habent.
586 640 652 687 Quare
666 640 722 680 hunc
735 651 821 681 sensum
832 641 926 692 consequi
936 650 961 678 ex

82 703 152 744 verbis
159 704 236 745 christi
246 706 267 744 et
273 706 398 757 praesertim
406 704 478 758 inferri
489 706 514 746 ab
526 706 623 759 opposito
633 718 658 747 ex
667 708 715 747 Luc.
724 707 772 754 aar
781 705 854 758 potest
864 703 959 751 concedi.

82 770 108 809 dt
118 774 165 810 eam
176 770 333 822 expositionem
343 771 412 823 primo
424 774 445 811 61
453 783 490 823 per
499 783 520 811 sc
532 783 557 812 ex
566 772 637 813 verbis
646 771 716 825 colligi
725 770 845 824 negandum
857 772 889 810 est
895 777 960 820 ,snam

56 842 58 845 ⁴
80 847 160 887 pauper
171 836 298 888 spiritunon
309 836 360 876 dicit
367 838 438 876 statim
449 848 497 877 eum
506 837 543 888 *qui
551 840 638 889 sesouttt
645 849 713 878 carere
721 838 777 877 bono
787 835 891 888 spirituali
901 835 960 887 eius-

83 912 123 952 que
135 901 186 940 boni
198 901 303 941 desiderio
314 902 390 952 urgeri,
404 901 444 941 nisi
454 902 518 941 verba
527 902 553 941 ad
563 902 661 942 notiones
672 903 724 942 alias
735 902 858 943 detorseris.

108 961 210 1018 Spiritum
220 966 256 1005 alii
266 966 387 1018 concipiunt
394 966 419 1007 de
430 967 547 1007 voluntatis
555 968 677 1019 proposito,
688 967 717 1007 ita
727 969 751 1007 ut
759 978 864 1019 pauperes
875 966 919 1006 sint
927 966 960 1005 vel

81 1031 172 1072 humiles
180 1031 323 1071 exvoluntatis
332 1032 443 1080 electione,
450 1032 577 1080 voluntarie,
586 1045 629 1073 non
636 1035 709 1073 coacte
715 1044 719 1082 ;
731 1031 761 1071 ita
770 1033 792 1073 S.
803 1032 874 1083 Cium.
884 1031 959 1071 Auset-

81 1109 124 1136 mus
133 1097 190 1136 laod.
203 1097 248 1137 Cot.
260 1098 314 1137 luas.
326 1098 391 1137 11111111.
403 1098 459 1150 spu
472 1098 521 1138 Bar.
537 1099 601 1138 Culm.
615 1109 677 1149 quam
688 1098 815 1138 sententiam
824 1098 899 1138 Suara
910 1108 961 1148 quo·

81 1174 122 1214 que
133 1162 235 1214 proponit
244 1161 279 1214 (de
289 1162 355 1214 gratia
363 1162 401 1202 lib.
412 1164 424 1202 2
438 1174 482 1214 cap.
498 1163 566 1216 ⁶22‚5);
578 1165 598 1204 at
608 1163 661 1204 haec
671 1163 729 1203 notio
742 1163 788 1203 voci
802 1153 873 1213 πνὲῢμα
885 1162 961 1214 nequit

80 1227 189 1268 vindicari«
207 1228 272 1268 Multo
289 1228 360 1267 miuus
376 1228 474 1279 explicari
488 1230 559 1280 potest
574 1228 599 1268 de
614 1228 733 1268 intellectus
748 1227 852 1268 tenuitate
872 1240 876 1267 :
891 1227 960 1267 homi-

81 1304 118 1333 nes
129 1292 215 1345 ingenio
225 1295 247 1333 61
259 1292 378 1333 eruditione
387 1296 492 1342 carentes
504 1305 545 1345 quo
553 1305 614 1334 sensu
625 1293 716 1335 Iulianus
725 1295 821 1345 apostata
833 1292 960 1333 christianos

82 1355 149 1395 irrisit
160 1359 180 1395 et
191 1368 202 1395 6
213 1357 369 1397 recentioribus
379 1356 483 1397 artizate
494 1359 591 1410 explicat.
686 1352 690 1358 ’

109 1498 176 1559 Apud
192 1498 297 1542 homines
309 1499 437 1543 niundan'os
447 1504 550 1544 censetur
560 1513 605 1544 esse
614 1499 684 1544 animi
693 1499 756 1543 fortis
767 1514 793 1543 ac
803 1498 887 1542 uoliilis
897 1498 957 1541 iniu-

80 1572 138 1615 riam
153 1570 241 1615 illatam
258 1569 337 1614 ulcisci
354 1575 375 1614 61
393 1585 484 1615 omnem
503 1570 662 1615 adversitatem
675 1570 763 1614 fort'ter
776 1585 789 1614 a
803 1584 826 1614 se
836 1568 956 1629 repellere.

80 1642 150 1686 Aliter
161 1641 228 1685 docet
244 1641 343 1685 Christus
358 1656 362 1685 :
375 1641 435 1686 beati
446 1642 541 1686 anderu.
558 1641 922 1698 1111611111111111111111111111111,
935 1644 961 1684 ut

80 1716 103 1759 S.
118 1713 198 1772 Chrys.
213 1712 278 1767 dicii,
294 1727 320 1756 ex
330 1716 364 1756 Ps.
383 1717 449 1769 36,ss
467 1713 607 1772 depromptis
621 1709 659 1772 (cl.
678 1714 738 1757 111111,
750 1713 814 1771 Spin
826 1714 883 1771 Lop.
897 1711 958 1771 etc).

81 1785 141 1829 ilites
164 1772 252 1837 autem,
266 1792 347 1845 πραεῖς,
360 1793 417 1850 mitid
430 1784 536 1828 dicuntur
554 1775 642 1840 afflicti,
667 1783 742 1827 miseri
766 1783 843 1828 addita
867 1783 959 1827 notione

81 1861 152 1906 animi
163 1862 276 1905 mansueti
290 1875 316 1904 ac
332 1860 375 1919 pii,
397 1850 436 1921 qui
449 1860 521 1918 igitur
533 1861 728 1905 mansuetudinem
739 1861 809 1905 animi
823 1860 959 1919 praesertim

80 1932 187 1978 exhibent
204 1947 230 1975 ac
246 1931 396 1991 comprobant
408 1932 432 1975 in
445 1932 512 1976 rebus
525 1932 635 1986 adversis,
655 1932 694 1992 qui
709 1931 806 1976 miseriis
819 1931 899 1974 afflicti
912 1945 959 1975 non

44 1992 46 1994 ’
79 2004 126 2049 irae
138 2003 228 2063 impetu
245 2017 271 2046 ac
285 2003 361 2047 furore
378 2002 535 2062 abripiuntur,
549 2003 589 2047 sed
602 2004 677 2047 animo
690 2003 822 2063 patientiae
836 2001 920 2045 humili
936 2017 959 2046 se
998 2032 999 2035 =

80 2068 170 2119 divinae
181 2073 340 2134 providentiae
352 2073 498 2126 submittunt;
511 2076 630 2133 (1111116111.
645 2074 716 2118 Coloe.
730 2088 807 2117 vocem
818 2073 879 2117 bene
889 2072 959 2132 expli-

80 2150 133 2191 cant
149 2146 176 2189 de
188 2145 326 2204 patientibus
340 2149 362 2189 et
374 2144 506 2188 humilibus,
519 2146 559 2196 Qui
571 2144 604 2189 ita
619 2144 699 2189 animis
714 2147 766 2189 sunt
778 2143 863 2199 affecti,
873 2144 902 2188 iis
912 2144 959 2189 iam

79 2219 102 2262 in
122 2220 166 2262 vet.
184 2219 233 2261 test.
250 2216 369 2275 multiplex
383 2209 433 2261 laus
446 2230 472 2260 ac
486 2217 604 2276 promissio
617 2216 737 2271 tribuitur3
752 2219 786 2261 Ps.
803 2220 856 2272 ‘llud
874 2215 960 2273 diriget

79 2297 208 2340 nransuetos
219 2295 244 2337 in
253 2293 346 2347 iudicio,
362 2293 452 2338 docebit
465 2294 529 2348 mites
540 2294 588 2338 vias
599 2308 650 2338 suas
663 2294 729 2346 talita
739 2295 809 2350 πραεῖς
820 2293 844 2337 in
861 2295 959 2352 utroque

79 2366 205 2425 membro);
220 2365 369 2409 diciturlleus
380 2378 501 2422 exsurgere
514 2365 538 2408 in
550 2364 645 2419 iudicio,
662 2367 687 2408 ut
697 2365 769 2409 salvos
782 2365 866 2408 faceret
881 2377 959 2408 omnes

79 2439 208 2482 mansuetos
224 2439 298 2480 terrae
311 2439 344 2479 Ps.
361 2440 436 2489 tado,
455 2436 496 2479 hos
515 2438 572 2479 Deus
588 2434 670 2479 dicitur
684 2435 797 2493 suscipere
810 2438 844 2479 Ps.
859 2438 927 2488 racc
939 2438 960 2478 61

81 2508 180 2553 exaltare
192 2505 217 2550 in
232 2506 327 2549 salutem
343 2509 376 2549 Ps.
395 2508 468 2560 tadi,
487 2508 605 2550 Praeterea
616 2505 645 2549 ad
658 2520 693 2550 eos
700 2505 859 2565 promissiones
867 2506 960 2551 messia-

81 2595 123 2625 nae
136 2581 241 2639 spectant
257 2591 262 2620 :
277 2579 359 2634 arguet
377 2576 530 2635 inaequitate
548 2591 590 2636 pro
607 2578 729 2622 mansuetis
741 2581 815 2622 terrae
827 2580 853 2621 ls.
871 2581 922 2633 itt
937 2580 959 2621 et

44 2674 46 2676 v
81 2655 148 2704 aare
165 2649 251 2694 addent
266 2649 333 2692 mites
342 2648 366 2692 in
384 2648 478 2692 Domino
493 2647 613 2703 laetitiam
627 2648 674 2693 istis
690 2658 746 2694 111111
759 2653 794 2694 Ps.
809 2653 876 2703 2227
891 2648 957 2693 hebr.

45 2749 46 2752 =
80 2723 191 2779 singulari
211 2721 300 2765 ratione
317 2721 458 2780 promittitur
470 2719 556 2765 fructus
569 2721 674 2765 sacrificii
692 2720 792 2765 Christi:
810 2720 877 2764 edent
891 2722 913 2762 61
924 2733 959 2763 sa-

81 2792 230 2844 turabuntur3
248 2791 346 2851 populus
359 2791 482 2836 messianus
497 2791 632 2837 describitur
645 2793 714 2852 Soph.
729 2796 782 2848 3‚12
801 2806 806 2836 :
822 2794 845 2835 et
860 2791 959 2835 derelin-

82 2884 151 2930 quam
166 2870 191 2913 in
210 2869 285 2913 medio
305 2869 340 2913 tui
352 2865 563 2927 tatrrnpa'dmimmo
580 2870 627 2929 ipse
646 2870 731 2914 llossias
750 2875 788 2913 rex
809 2870 959 2914 annuntiatur

81 2950 190 2991 venturus
197 2945 226 2989 ad
236 2946 306 2990 filiam
319 2947 372 2990 Sion
385 2939 463 2994 δίκαιος
473 2942 507 2987 καὶ
518 2940 598 3000 σώζων,
613 2946 672 2995 αὐτὸς
681 2943 742 3006 πραΰς
752 2946 818 2991 Zach.
829 2951 875 3002 9‚9.
887 2950 959 2999 Quare

80 3018 162 3063 merito
173 3032 199 3062 cx
213 3017 261 3060 eius
274 3031 312 3061 616
327 3017 447 3064 audimus:
461 3017 605 3073 beatimites,
616 3018 723 3078 qrcoru'auc
734 3017 779 3077 apri
786 3017 957 3072 hereditabant,

80 3090 207 3135 hereditate
220 3087 368 3147 possidebunt
380 3098 471 3134 terram.
487 3091 606 3135 Promissio
622 3090 678 3134 baec
693 3089 826 3151 deprompta
840 3093 873 3134 est
886 3104 912 3133 ex
922 3093 956 3135 Ps.

81 3165 116 3216 36,
126 3163 149 3205 in
159 3176 205 3220 quo
212 3159 340 3204 identidem
349 3162 465 3219 repetitur.
477 3161 539 3206 Unde
548 3176 574 3205 ex
584 3175 609 3204 eo
620 3161 666 3205 eius
677 3164 708 3206 est
716 3176 792 3207 sensus
801 3160 956 3218 indagandum
