2211 3575
445 236 520 266 nrsrrn.
536 227 557 274 5,
572 226 644 264 alr-tn.
951 223 988 264 nai

103 325 211 370 datorum
222 328 245 370 et
254 340 386 387 supremum
397 319 557 387 philosophiae
567 340 676 371 cacumen
688 324 793 370 attolliS.
806 323 886 384 Chrys.
903 327 985 369 censet.

87 446 88 449 ,
102 397 138 442 Illi
148 412 190 442 nos
201 398 367 443 calumniantes
377 398 468 443 crrrdele
478 398 618 458 supplicium
627 396 694 441 nobis
703 398 816 453 inferunt3
827 412 869 442 nos
879 396 988 441 iubemur

89 466 90 471 ’
103 469 166 528 apud
176 474 247 514 Deum
258 469 405 529 deprecantes
413 469 497 513 instare
506 472 533 513 ut
541 466 597 513 vrena
608 468 652 512 illis
660 468 721 512 hona
731 469 862 513 obveniant.
873 471 910 514 Est
919 469 984 523 haec,

24 581 25 584 ,
88 544 127 601 ¹ut
147 540 211 600 Splc.
234 543 306 596 notat,
327 540 439 600 quaedam
459 539 553 600 pictatis
571 538 709 601 christianae
726 540 893 594 redundantia,
916 554 985 599 quam

102 612 233 656 humanum
247 615 327 672 pectus
340 626 417 673 perse
431 626 513 672 capere
526 625 574 655 non
587 613 668 670 potest,
685 610 729 655 nisi
743 610 852 655 dilatetur
862 613 885 655 et
896 612 985 655 contor-

102 685 163 727 tetur
174 683 250 742 gratia
265 684 366 746 coelesti3
384 686 406 728 et
420 686 500 728 auctor
508 697 547 743 op.
563 682 618 743 imp.
634 682 747 727 advertit:
764 700 774 724 e
787 685 878 727 orantes
890 697 931 742 pro
941 682 985 726 ini-

103 755 168 799 micis
183 771 232 800 non
251 758 339 801 tantum
357 756 409 805 illos
425 745 537 815 qnantum
557 770 598 799 nos
611 754 797 799 commendamus
814 757 860 798 Deo
876 757 897 798 et
910 755 984 811 magis

103 827 239 871 exaudimur
251 841 294 887 pro
303 827 402 872 inimicis
412 829 503 872 orantes
512 833 584 886 quani
593 841 636 886 pro
646 826 713 871 nobis
728 844 748 871 o.
761 826 848 870 Elimia
857 825 952 885 quidem
962 828 985 869 at

103 897 209 942 difficilia
225 899 382 958 praescripsit;
400 914 470 959 quare
485 898 588 943 rationes
603 898 669 943 affert
686 897 855 958 potentissimas
872 912 894 941 r.
912 900 939 942 tt
960 905 985 940 ot

102 969 153 1013 sitis
165 969 213 1029 fiat
225 970 380 1017 retrocessa·
392 971 433 1030 poi
444 970 469 1015 c'n
482 970 552 1015 coelis
565 979 605 1025 est,
619 969 643 1014 id
656 969 704 1014 scil.
721 969 783 1030 quod
794 972 851 1031 teste
861 970 887 1014 S.
904 968 981 1028 Cleops.
994 1004 995 1007 ,

104 1042 209 1085 omnium
222 1042 319 1087 mariana
332 1041 437 1086 mirabile
451 1044 492 1097 est,
510 1044 537 1086 ut
548 1041 604 1085 fiant
616 1041 656 1085 Dei
670 1041 756 1085 similes
765 1044 877 1100 quantum
887 1043 995 1099 possunt

102 1112 209 1158 homines
215 1112 261 1172 ipsi
271 1127 318 1157 esse
328 1112 424 1167 similes3
432 1112 449 1155 ii
457 1112 519 1156 enim
527 1126 581 1156 vere
589 1111 630 1155 filii
639 1112 762 1167 hahentur,
774 1112 813 1170 qui
822 1127 865 1171 per
875 1112 983 1156 virtutem

103 1183 191 1227 similes
208 1183 252 1242 ipsi
269 1183 405 1238 efficiuntur,
422 1197 475 1227 nam
491 1183 533 1226 filii
547 1182 668 1242 proprium
685 1186 718 1227 est
732 1196 772 1227 suo
790 1182 911 1227 assimilari
923 1182 984 1241 patri

102 1254 180 1313 (Erilli.
193 1269 229 1314 op.
241 1255 296 1315 irrep
311 1254 379 1299 Dion.
394 1253 465 1299 arola.
477 1252 563 1313 lons.);
576 1254 703 1298 imitatione
712 1254 790 1314 itaque
802 1255 843 1298 Dei
856 1268 906 1299 sese
920 1253 983 1297 exhi-

101 1325 192 1370 bebunt
206 1325 266 1370 filios
281 1330 325 1370 Deo
342 1325 423 1383 dignos
434 1325 470 1384 (ci.
490 1325 556 1384 Oriq.
571 1325 596 1369 in
611 1329 654 1370 cat.
671 1325 716 1385 Gr.)
731 1340 787 1384 quos
803 1327 870 1370 Pater
881 1325 983 1376 coelestis

100 1399 126 1441 nt
135 1410 259 1454 germanos
269 1397 328 1441 filios
340 1387 453 1454 agnoscet.
705 1452 706 1455 Ἰ

132 1470 205 1519 Quare
219 1469 321 1528 exemplo
336 1469 503 1524 demonstratur
517 1468 662 1528 apertissimo
676 1473 786 1528 quantam
796 1468 982 1513 benevolentiam

101 1544 159 1585 Deus
172 1540 218 1584 suis
231 1540 344 1597 largiatur
356 1539 471 1584 inimicis:
487 1539 607 1600 qm'solern
621 1555 688 1584 socom
697 1540 754 1584 oriri
761 1540 821 1598 facit
830 1555 900 1600 snper
915 1542 982 1584 bonos

102 1619 123 1655 et
131 1611 205 1655 aeolos
219 1618 240 1654 et
248 1610 310 1669 ptuit
323 1625 389 1670 saper
401 1612 469 1654 iustos
482 1620 504 1655 et
512 1611 629 1668 aniona,-
642 1611 755 1656 «addidit
769 1627 837 1656 scriem
845 1612 919 1656 solem
929 1611 945 1655 i.
960 1627 980 1671 0:

101 1697 171 1742 quem
181 1683 230 1741 ipse
244 1682 297 1726 tecit
309 1685 377 1741 atque
390 1682 505 1742 constituit
516 1685 539 1726 et
551 1698 565 1727 a
574 1683 636 1726 nullo
647 1682 736 1742 aliquid
746 1683 841 1743 sumpsit
851 1686 877 1727 ut
887 1683 979 1737 faceret,

100 1757 125 1798 ut
135 1754 191 1798 hinc
198 1754 375 1797 admoneremur
385 1756 469 1812 quanta
479 1753 619 1807 liberalitate
627 1754 725 1798 inimicis
732 1756 815 1798 nostris
823 1770 851 1799 ex
859 1760 981 1813 praecepto

101 1825 150 1869 eius
161 1828 278 1884 praestare
292 1824 415 1869 debeamus
429 1839 488 1884 quae
503 1839 545 1870 nos
559 1839 607 1869 non
617 1825 745 1870 creavimus
754 1825 794 1870 sed
808 1825 837 1870 de
848 1824 982 1871 muneribus

102 1897 150 1941 eius
161 1897 290 1955 accepimus
302 1914 311 1938 a
328 1896 359 1956 (S.
377 1895 457 1956 Arca).
471 1896 547 1941 Utitur
559 1899 637 1941 autem
650 1897 750 1942 Christus
760 1898 804 1942 hoc
814 1899 919 1957 exemplo
929 1898 982 1957 quia

100 1968 199 2013 rudibus
210 1967 294 2027 quibus
308 1967 446 2027 loquebatur
459 1968 602 2028 apertissime
618 1969 736 2013 constabat
750 1968 933 2022 haeosbeneticia
946 1970 982 2013 iu-

100 2040 139 2084 stis
156 2043 178 2084 et
194 2038 285 2084 iniustis
301 2053 347 2083 esse
358 2040 486 2084 communia
499 2042 521 2083 et
535 2040 590 2099 quia
606 2055 652 2085 non
668 2043 720 2094 sunt
734 2040 779 2085 alia
795 2041 911 2085 beneficia
924 2056 982 2099 quae

99 2111 175 2169 magis
194 2126 221 2155 ex
239 2115 312 2170 aequo
331 2110 374 2155 sint
390 2111 498 2156 omnibus
517 2113 649 2157 communia
666 2112 753 2172 atquin
767 2113 825 2157 haec
839 2113 980 2172 reliquorum
1003 2131 1005 2141 ¹

99 2183 266 2227 beneficiorum
281 2183 443 2242 temporalium
457 2187 510 2228 sunt
526 2198 618 2238 oausam
636 2184 750 2243 quidquid
765 2184 827 2229 enim
841 2187 904 2228 terra
917 2184 981 2229 nobis

99 2255 202 2314 profert,
219 2254 273 2297 solis
287 2254 362 2297 calore
375 2258 398 2298 et
414 2254 507 2313 pluviae
520 2254 657 2311 irrigatione
673 2256 808 2314 producitur
822 2255 913 2314 (Iona).
929 2258 981 2299 Late

98 2326 178 2388 itaque
189 2328 252 2384 patet
261 2324 393 2381 benignitas
401 2326 446 2379 Dei,
459 2328 484 2369 ut
494 2326 519 2370 S.
534 2326 665 2370 Androclus
674 2326 783 2387 loquitur,
798 2341 868 2386 super
878 2328 981 2384 ingratos

99 2399 167 2457 pluit,
189 2396 256 2440 malis
273 2396 371 2441 fecunda
388 2411 433 2441 non
447 2400 519 2455 negat
538 2400 600 2442 terra
619 2403 754 2458 proventus;
771 2398 834 2443 idem
850 2398 933 2443 mundi
947 2398 981 2442 sol

99 2469 225 2526 sacrilegos
233 2469 399 2528 religiososque
406 2469 492 2529 pariter
500 2469 623 2514 illuminat.
634 2470 795 2533 Qrioddivinae
805 2470 981 2515 benevolentiae

99 2542 232 2599 exemplum
246 2555 272 2584 eo
288 2542 365 2598 magis
376 2540 405 2585 ad
419 2541 572 2586 imitationem
585 2555 626 2587 nos
642 2541 735 2587 debebit
749 2557 883 2602 provocare,
897 2542 916 2586 si
928 2558 981 2601 per-

98 2611 248 2672 penderimus
263 2615 373 2670 quantum
389 2612 417 2657 sit
432 2616 460 2657 et
469 2612 588 2670 dignitatis
600 2616 622 2658 et
637 2613 801 2660 beneficiorum
818 2614 950 2668 discrimen,
963 2616 981 2658 si

86 2686 87 2690 ’
98 2686 136 2730 Dei
147 2683 297 2729 eminentiam
305 2686 327 2727 et
334 2697 374 2728 nos
383 2684 627 2730 consideraverimusa
639 2685 722 2745 quibus
729 2702 750 2730 v.
761 2701 784 2743 g.
796 2686 836 2729 ille
846 2690 869 2729 et
877 2701 890 2729 a
898 2686 981 2744 quibus

98 2772 138 2803 nos
156 2755 308 2802 offendamur.
325 2758 466 2815 Quamquam
482 2756 556 2814 igitur
574 2757 607 2801 ibi
621 2756 685 2801 nulla
698 2760 731 2801 est
747 2757 883 2816 aequalitas,
903 2760 981 2802 tamen

81 2826 83 2833 ¹
98 2845 216 2877 summum
231 2829 298 2875 nobis
313 2828 420 2889 proponit
432 2829 571 2888 praemium,
584 2832 609 2872 ut
625 2830 695 2873 simus
704 2828 748 2873 sibi
763 2829 857 2884 similes,
870 2831 896 2873 ut
910 2829 981 2874 simus

97 2904 138 2947 filii
148 2903 185 2947 sui
203 2902 240 2962 (ci.
253 2904 277 2947 S.
297 2901 374 2962 Chrys.
392 2900 449 2945 non
456 2900 480 2960 .)
496 2903 563 2946 Notat
578 2900 754 2945 Gurthonense
771 2901 850 2946 divina
865 2902 889 2945 in
903 2902 949 2946 sole
960 2905 981 2946 et

87 2967 88 2971 ¹
98 2975 176 3036 pluvia
187 2973 315 3031 signifi-cata
325 2989 373 3018 non
382 2988 428 3019 esse
437 2973 550 3019 beneficia
559 2973 654 3033 propria
663 2974 730 3018 malis
740 2976 762 3018 et
771 2972 871 3027 iniustis,
885 2974 925 3018 sed
935 2988 980 3018 esse

97 3045 211 3092 beneficia
221 3046 353 3089 communia
365 3052 409 3090 non
426 3047 498 3090 solum
510 3045 610 3090 inimicis
622 3048 644 3089 et
658 3046 743 3102 amicis,
759 3046 798 3090 sed
808 3045 880 3090 etiarn
888 3046 981 3094 irratio-

98 3118 214 3178 nabilibus
232 3117 354 3171 creaturis3
366 3116 418 3162 inde
436 3119 507 3176 igitur
520 3120 669 3178 praeceptum
684 3117 773 3179 Domini
788 3132 835 3163 esse
844 3118 879 3176 ita
895 3116 979 3161 intelli-

98 3191 209 3249 gendum,
222 3191 247 3233 nt
259 3186 364 3232 inimicos
379 3204 425 3234 non
440 3190 611 3235 excludamusa
626 3190 743 3236 beneficiis
758 3189 925 3242 communibus,
941 3187 980 3231 sed
