2211 3575
406 194 408 197 .
450 230 512 260 11111.
529 221 547 267 9,
563 219 617 259 9-10.
940 198 983 259 [101γ

70 381 72 386 .
93 320 178 366 servire
188 311 340 367 censebantur
351 321 476 380 tyrannidi,
492 337 537 381 qua
549 325 628 366 contra
638 321 715 379 legem
724 320 764 365 Dei
774 333 797 364 se
807 318 891 363 iniuste
901 315 976 376 premi

93 392 172 453 ludaei
183 394 301 453 putabant.
313 394 437 439 Matthaeus
449 393 529 452 igitur,
540 398 564 438 ut
577 394 600 438 S.
613 392 694 438 Pescla.
706 395 777 447 uetat,
790 394 841 451 post
854 389 976 435 sanitatem

92 464 185 524 leprosi,
197 467 248 524 post
257 466 400 509 curationem
413 465 594 523 paralyticorum
608 467 781 522 ceterorumque
794 462 896 506 medium
906 474 929 505 se
939 458 976 503 in-

92 539 204 580 terserere
215 535 304 590 maluit,
318 538 344 579 ut
354 535 394 592 ubi
404 534 473 579 multi
483 534 570 578 debiles
580 536 699 589 sanantur,
709 534 780 581 vetiam
793 547 815 577 se
825 533 900 591 ipsum
910 531 975 591 quasi

93 606 195 651 debilem
211 609 234 651 et
251 605 409 660 immundum,
430 607 535 650 sanatum
551 620 564 649 a
584 605 622 664 pio
638 604 734 648 Domino
750 603 886 647 humilitatis
901 602 976 659 gratia

93 678 231 723 ostenderet.
558 687 561 691 ’

123 753 183 794 Iesus
197 749 231 793 eit
243 749 280 793 ilb'
289 764 297 793 .·
308 763 399 808 sequere
413 763 448 792 nee
459 756 480 793 et
491 763 586 807 scirpeus
597 756 686 792 secatur
698 755 730 791 est
740 761 804 803 earm
817 746 935 800 inritatur,
950 744 976 789 ut

94 823 123 866 sit
137 835 212 865 eomes
221 825 243 865 et
254 820 370 879 apostolus
381 819 476 874 Christi3
491 820 519 865 cf.
532 824 592 873 [1,19.
608 823 647 875 ab
663 819 700 864 eui
709 818 840 863 invitationi
849 818 925 862 statim
935 817 975 860 ob-

94 892 209 952 sequitur,
225 910 236 933 11
253 891 363 951 relinquit
376 891 471 951 propria
487 893 526 951 qui
540 906 621 951 rapere
636 891 723 936 solebat
737 890 812 935 aliena
826 893 848 933 et
860 888 974 949 quomodo

93 963 237 1023 sequendum
251 964 279 1008 sit
295 963 381 1018 doeuit,
398 963 459 1022 quod
475 966 621 1008 contemnens
635 963 729 1021 negotia
742 963 844 1007 humana
857 962 929 1005 faetus
942 963 975 1004 est

93 1035 166 1098 fidelis
176 1035 344 1089 dominicorum
352 1035 498 1094 ‘dispensator
513 1035 654 1079 talentorum
670 1033 778 1094 elidad).
792 1036 848 1077 Cum
858 1035 917 1077 lesus
926 1032 974 1076 iam

93 1105 180 1152 diutius
196 1096 358 1166 Capharnaum
380 1109 482 1151 versatus
503 1110 560 1150 esset
579 1110 601 1151 et
617 1106 728 1150 miracula
743 1108 861 1164 patrasset,
880 1104 973 1148 omniuo

93 1178 192 1238 supponi
209 1180 285 1237 potest
305 1178 441 1221 hetthaeum
459 1177 572 1221 eiusmodi
587 1177 680 1231 vidisse,
701 1177 769 1220 etiam
786 1176 859 1220 multa
879 1176 906 1219 de
925 1179 975 1219 Iesu

93 1249 217 1303 audivisse,
226 1249 285 1293 forte
295 1249 342 1293 ianr
350 1248 441 1307 saepius
448 1249 495 1293 eius
502 1248 632 1293 interfuisse
639 1247 817 1307 praedicationi,
829 1247 889 1290 unde
899 1247 974 1290 auimo

92 1323 139 1366 iam
155 1324 204 1365 erat
220 1320 299 1379 aliqua
314 1320 403 1364 ratione
420 1323 571 1380 praeparatus
584 1320 613 1364 ad
629 1319 788 1363 invitationem
803 1322 851 1363 lesu
868 1321 974 1378 prompte

93 1392 277 1452 amplectendam
297 1392 334 1451 (ef.
354 1391 472 1451 Celeridpe
491 1395 546 1452 Vp.
565 1396 592 1436 81
612 1388 975 1451 11111310010100011110101

93 1465 207 1509 monetS.
223 1464 285 1508 Hier.
305 1476 309 1507 :
326 1481 336 1504 a
353 1466 412 1507 certe
427 1464 505 1521 fulgor
519 1463 567 1523 ipse
583 1466 605 1507 et
616 1462 721 1507 maiestas
738 1462 863 1507 divinitatis
873 1461 974 1506 occultae

93 1551 153 1595 quae
166 1535 236 1579 etiam
250 1535 274 1578 in
286 1535 389 1579 humana
404 1534 462 1578 facie
473 1535 597 1590 relucebat,
613 1549 639 1578 ex
651 1534 726 1594 primo
737 1534 767 1578 ad
780 1548 803 1578 se
816 1533 918 1578 videntes
927 1535 974 1577 tra-

92 1608 148 1651 here
163 1609 252 1665 poterat
263 1608 365 1664 aspectu,
381 1606 400 1650 si
410 1605 471 1649 enim
481 1606 506 1649 in
516 1609 624 1663 magnete
632 1605 709 1664 lapide
718 1609 741 1650 et
750 1605 848 1649 succinis
857 1605 914 1649 haee
925 1619 973 1649 esse

92 1679 126 1722 vis
140 1677 238 1733 dicitur,⁸
249 1680 273 1720 ut
289 1677 384 1721 annulos
395 1679 417 1720 et
430 1677 537 1735 stipulam
551 1679 573 1721 et
588 1678 685 1721 festucas
700 1677 744 1721 sibi
757 1677 872 1736 copulent,
887 1679 973 1735 quanto

92 1751 167 1806 magis
180 1748 289 1792 Dominus
300 1748 405 1803 omnium
415 1751 573 1804 creaturarum
583 1748 613 1792 ad
623 1762 647 1792 se
659 1749 753 1792 trahere
763 1751 854 1807 poterat
865 1762 972 1806 11110010-

92 1822 155 1865 lebat
170 1821 196 1863 »f
212 1823 310 1864 Vocatur
323 1822 398 1864 autem
415 1835 441 1863 ex
455 1819 519 1863 luero
535 1823 557 1863 et
569 1820 663 1877 negotio
677 1820 779 1864 humano
795 1820 825 1863 ad
834 1820 923 1864 lucrum
937 1835 974 1863 su-

92 1892 196 1947 blimius;
213 1909 224 1932 11
240 1906 287 1935 11011
301 1890 445 1935 subtrahitur
460 1891 531 1950 operi,
548 1890 589 1935 sed
603 1893 704 1935 mutatur
719 1894 741 1935 ct
754 1890 867 1935 telonium
882 1892 974 1950 suscipit

92 1965 167 2020 magis
187 1977 256 2021 quam
272 1962 389 2021 relinquit,
405 1964 431 2006 ut
445 1953 552 2006 mansura
565 1965 621 2017 Deo,
637 1977 684 2006 non
698 1962 787 2006 homini
801 1963 904 2022 peritura
919 1978 974 2006 con-

92 2034 169 2094 quirat
186 2051 197 2074 a
215 2033 247 2092 (S.
262 2032 363 2091 Gbrrssel.
382 2047 450 2077 serm.
465 2032 512 2092 29).
527 2036 587 2078 Iesus
599 2033 677 2093 itaque
691 2048 738 2077 non
751 2034 824 2077 solum
833 2037 927 2093 peccata
937 2049 973 2078 re-

92 2105 170 2159 mittit,
183 2104 286 2148 sedeam
303 2104 343 2163 qui
356 2105 454 2148 maxime
468 2104 599 2148 habebatur
609 2107 716 2164 peccator
726 2104 788 2164 apud
802 2104 974 2161 legisdoctores

91 2192 158 2222 suum
170 2175 222 2220 fieri
230 2175 280 2220 vult
289 2176 430 2235 apostolum3
443 2191 514 2235 quare
525 2176 606 2220 merito
616 2176 670 2220 dicit
679 2177 702 2221 S.
718 2176 870 2235 Gbrrsrolopur
880 2191 888 2220 :
899 2195 909 2218 (1
921 2192 972 2221 eum

91 2248 244 2308 publicanum
256 2247 365 2290 Dominus
379 2247 408 2290 ad
419 2247 560 2305 apostolatus
572 2247 692 2304 fastigium
703 2252 782 2292 evocat
793 2251 815 2291 et
827 2248 919 2301 extollit,
934 2248 974 2292 dat

92 2333 187 2363 manum
198 2317 275 2377 lapsis,
290 2332 355 2376 spem
364 2317 463 2361 restituit
476 2318 610 2376 desperatis,
621 2317 722 2361 reddidit
735 2318 793 2361 vitae
805 2333 862 2377 quos
872 2319 915 2363 sihi
926 2319 973 2363 iam

92 2404 154 2434 mors
165 2389 284 2433 detinebat
293 2388 397 2432 addictos
408 2407 418 2429 1)
429 2388 454 2448 (l.
465 2404 484 2432 o.
495 2388 546 2434 sim.
559 2388 639 2432 Paseb.
652 2388 733 2448 lurra).

121 2465 152 2505 Ec
162 2476 253 2520 quoque
263 2459 330 2504 illum
343 2461 442 2504 honorat
453 2460 510 2504 utin
520 2460 568 2504 eius
579 2460 671 2505 domum
684 2461 790 2517 divertat,
803 2476 848 2520 qua
857 2476 898 2507 sua
907 2462 974 2506 heni-

63 2527 65 2532 ’
91 2533 178 2591 gnitate
190 2531 274 2576 multos
284 2532 344 2576 adse
354 2531 426 2575 allicit
437 2536 568 2591 peccatores
576 2547 599 2576 v.
612 2537 638 2576 10
648 2539 670 2576 et
676 2534 767 2591 furtiua
778 2541 809 2577 est
820 2532 974 2578 discumbente

91 2619 116 2648 eo
126 2603 151 2646 in
165 2603 231 2646 rlobro
244 2617 294 2646 eece
304 2602 372 2646 nrrrlte'
380 2602 501 2662 perbiterint
509 2611 531 2647 et
539 2612 667 2663 peccatores
676 2604 790 2648 uenientes
804 2603 974 2650 attrererrebebent

90 2690 143 2719 curn
155 2675 206 2718 Iesu
218 2681 239 2717 et
253 2672 375 2731 rttreipulis
389 2675 452 2731 eirrs,·
464 2675 498 2719 uti
509 2690 535 2719 ex
548 2675 619 2721 llarco
632 2678 654 2719 et
664 2679 723 2720 Luca
732 2679 802 2734 patet,
815 2678 939 2720 Matthaeus
949 2677 974 2720 in

91 2747 159 2790 domo
167 2761 208 2791 sua
219 2744 327 2789 instruxit
340 2745 468 2789 convivium
482 2761 606 2803 magnum3
619 2760 690 2805 qrrare
701 2747 769 2790 etiam
781 2746 882 2791 hocloco
892 2747 974 2793 domus

90 2819 139 2861 eius
150 2817 219 2861 debet
228 2815 336 2873 intelligi.
350 2815 374 2859 Id
388 2816 439 2859 fieri
452 2831 518 2875 posse
528 2821 599 2873 negat
617 2817 700 2873 Weirs;
711 2832 766 2871 nani
778 2819 915 2863 hlatthaeum
925 2834 974 2864 sur-

90 2888 172 2931 rexisse
186 2888 213 2931 de
229 2888 316 2932 telonio
331 2890 353 2932 et
372 2902 418 2932 esse
435 2891 539 2931 secutum
557 2889 642 2943 Iesum;
657 2888 755 2948 proinde
771 2905 818 2934 non
830 2890 929 2950 potuisse
940 2893 973 2935 ire

90 2959 185 3002 domum
199 2973 271 3003 suam.
288 2960 433 3004 Praeclaram
448 2959 526 3018 utique
540 2960 665 3004 rationem!
682 2962 739 3005 Dicit
755 2961 817 3005 enim
831 2963 897 3021 sepiri
906 2962 974 3007 disei-

90 3030 171 3089 pulum
184 3028 234 3072 fieri
246 3030 329 3074 Christi
343 3034 365 3075 et
378 3034 404 3075 ut
419 3032 489 3075 talem
503 3031 524 3075 ei
538 3031 675 3088 adhaerere,
688 3033 749 3077 rrnde
762 3034 904 3078 nullomodo
919 3049 973 3078 con-

89 3101 176 3146 vivium
186 3102 211 3144 in
226 3100 294 3143 domo
311 3103 359 3146 eius
374 3102 512 3158 excluditur;
529 3104 599 3146 immo
614 3104 657 3148 etsi
672 3104 834 3163 explicandum
848 3108 905 3149 esset
921 3119 972 3148 eum

94 3172 173 3228 Weiss
190 3171 326 3216 hetthaeum
339 3173 419 3218 relicto
429 3175 515 3219 telonio
528 3175 593 3219 trisse
602 3184 655 3233 post
668 3176 790 3230 Christum,
804 3176 898 3220 domum
908 3189 971 3219 suam
