2211 3575
746 252 752 271 ι
872 247 889 271 l

442 290 552 337 tranensi,
570 290 611 329 7-9.

93 384 167 434 animi,
182 384 342 437 inquisitionem
354 390 381 430 ad
393 390 541 431 inveniendam
556 392 673 439 veritatem,
686 392 754 444 ipsam
764 391 923 445 possessionem
936 392 967 432 vi-

92 454 125 492 tae
135 451 207 491 beatae
217 452 295 513 aperiri
303 455 402 506 pulsanti,
413 468 478 508 eaque
486 457 551 513 verba
561 457 624 504 etiam
634 457 684 501 Reti.
695 457 746 497 aaa.
758 458 790 497 uti
801 459 844 498 iere
856 452 925 498 solent
934 469 967 498 re-

92 517 178 576 petunt.
188 518 215 560 At
223 514 272 575 ipse
280 519 301 558 S.
313 521 364 573 Aoq.
379 522 401 561 in
411 521 464 561 libro
475 522 542 574 primo
556 523 646 561 Retract.
661 534 705 573 cap.
721 522 745 562 la
756 521 787 575 (in
797 522 846 575 tine)
858 537 868 559 «
879 525 965 563 senten-

91 585 143 626 tiam
152 587 234 628 doctior
243 586 333 637 correxit
342 603 352 624 »
360 585 454 639 (Malap
465 586 538 626 scribit
548 586 605 626 enim
614 598 618 625 :
628 601 638 622 u
649 598 736 638 operose
747 587 788 625 tria
796 587 838 639 ista
848 587 899 638 quid
909 588 964 628 inter

92 663 114 691 se
123 651 220 693 differant
230 652 377 706 exponendum
386 651 469 704 putavi,
482 650 519 691 sed
528 651 589 702 louge
600 651 676 692 melius
687 651 713 691 ad
724 651 898 692 instantissimam
909 653 964 705 peti-

91 717 171 757 tionem
184 719 255 758 omnia
271 718 400 766 referuntur;
415 717 455 756 hoc
471 716 549 771 quippe
564 716 656 757 ostendit
673 716 708 757 ubi
722 717 797 757 eodem
810 718 874 757 verbo
889 721 964 758 cuncta

91 782 193 823 conclusit
206 783 279 824 dicens
292 780 390 833 {quanto
404 781 470 834 magis
481 782 543 822 Pater
555 785 624 822 vester
638 782 706 833 quiin
719 782 783 822 coelis
794 784 825 822 est
838 782 897 822 dabit
908 783 964 823 bona

90 849 210 900 petentibus
220 860 253 897 se;
263 860 306 888 non
317 846 374 887 enim
384 846 437 886 dixit
446 847 569 899 petentibus
579 850 600 887 et
610 847 759 898 quaerentibus
770 849 791 887 et
799 847 930 900 pulsantibus
943 864 961 887 n.

23 938 25 941 -
91 912 157 953 Aliter
164 914 225 954 Dion.
236 927 243 954 :
252 913 318 965 petite
327 912 471 960 desiderando,
484 913 578 964 quaerite
587 912 687 953 vocaliter
696 912 807 963 exorando,
817 913 899 964 pulsate
908 914 962 953 bene

90 978 187 1019 vivendo.
199 978 262 1021 Varia
271 990 355 1030 quoque
365 978 464 1033 proponit
476 978 578 1030 Colertdpe
588 990 608 1030 p,
621 979 667 1019 aba.
677 979 724 1018 ale,
764 990 765 993 ¹

117 1100 183 1142 Notat
194 1097 243 1142 dot.
256 1111 263 1140 .·
275 1115 285 1138 u
297 1111 343 1140 nou
353 1095 407 1140 dicit
417 1111 421 1141 :
433 1100 456 1140 et
464 1096 554 1140 dabitur
565 1096 627 1154 quod
637 1085 725 1155 petitis,
736 1097 775 1141 sed
786 1097 887 1141 absolute
895 1097 959 1141 ‹laot-

90 1176 133 1222 tur,
145 1168 199 1227 quia
208 1170 234 1211 ut
241 1168 336 1212 interius
344 1169 392 1225 ipse
401 1169 460 1210 lesus
466 1166 577 1220 declarat,
585 1169 678 1210 noceret
688 1168 813 1211 autinutile
822 1171 878 1211 esset
886 1184 959 1227 quan-

89 1239 164 1298 doque
177 1238 228 1288 dari
240 1238 302 1297 quod
314 1237 423 1297 petimus.;
438 1251 516 1281 rursus
529 1252 574 1281 nou
588 1237 690 1294 dicitur:
706 1241 728 1281 ct
738 1237 831 1282 dabitur
842 1241 908 1295 tunc,
921 1239 960 1299 sed
975 1282 977 1285 ,
990 1258 991 1261 ’

89 1311 135 1355 sine
146 1309 333 1363 determinatione
342 1308 464 1368 temporis,
476 1307 536 1352 cobis
547 1307 685 1368 petentibus,
698 1308 728 1352 ad
740 1308 891 1353 differentiam
902 1310 959 1354 alio-

89 1396 151 1435 rum,
163 1368 246 1440 quibus
256 1381 359 1440 quamvis
369 1382 484 1439 petamus,
496 1394 543 1423 non
555 1383 634 1426 tamen
641 1379 708 1424 datur
716 1380 761 1423 illis
770 1375 809 1424 aad
820 1380 885 1425 nobis
900 1381 960 1425 obsi-

89 1454 159 1496 stente
171 1452 262 1496 illorum
278 1450 387 1494 demerito
402 1468 422 1495 v.
442 1450 566 1494 Confirmat
581 1453 657 1494 autem
674 1450 773 1507 Christus
785 1451 958 1510 promissionem

89 1539 108 1567 v.
121 1527 134 1567 8
145 1524 216 1567 olianta
223 1522 282 1566 euim
291 1522 393 1581 qaiipetc't
401 1521 485 1580 accipit
495 1528 516 1565 et
526 1521 567 1580 qui
575 1522 663 1580 quaerr't
673 1521 756 1566 r'noenit
767 1523 898 1582 etpalsaati
906 1538 959 1583 ape-

87 1594 170 1650 rietau·,'
182 1609 239 1653 quae
252 1593 356 1652 repetitio
370 1607 479 1650 magnam
493 1592 563 1636 habet
575 1594 621 1636 viru
632 1593 662 1636 ad
676 1592 764 1654 animos
776 1594 954 1648 confirmandos,

88 1681 140 1709 cum
159 1665 227 1728 etiam
242 1664 377 1707 documento
396 1664 424 1707 sit
437 1678 507 1723 quam
519 1665 577 1707 serio
592 1678 632 1712 ,res
646 1664 721 1728 animo
737 1664 850 1723 loquentis
864 1666 892 1709 sit
904 1657 956 1726 per-

89 1751 161 1782 suasa.
178 1737 217 1779 llio
232 1749 322 1795 qiioque
335 1734 396 1778 valet
408 1734 470 1793 quod
485 1734 534 1778 Coi.
549 1734 611 1777 adv.
625 1735 746 1789 'tmonuit3
758 1734 830 1779 oratio
843 1736 885 1780 rite
896 1737 957 1782 iacta

88 1798 206 1866 nunquam
222 1810 283 1850 caret
292 1806 373 1849 merito
383 1819 423 1849 suo
432 1808 455 1849 et
470 1800 614 1859 effectussed
623 1819 669 1849 non
677 1804 762 1849 ,dicitur
771 1806 811 1850 nos
820 1806 845 1850 id
858 1807 958 1867 esseob-

87 1883 188 1922 tenturos
201 1876 263 1936 quod
276 1877 385 1936 petimus3
399 1878 473 1935 potest
485 1877 545 1920 eninr
558 1876 609 1920 fieri
622 1880 647 1920 ut
659 1877 733 1920 minus
746 1876 811 1921 utilia
824 1881 862 1921 aut
877 1880 958 1924 nociva

88 1948 236 2008 postulemus,
254 1951 311 1992 Deus
324 1950 400 1991 autem
413 1946 452 1990 dat
465 1962 522 2006 [pilae
537 1947 610 2004 magis
624 1947 751 2007 expediunt.
767 1951 800 1992 lta
813 1951 849 1992 ter
867 1952 957 2007 rogavit

87 2023 107 2064 S.
121 2020 214 2073 Paulus,
229 2022 254 2063 ut
266 2019 357 2063 aculeus
370 2017 433 2062 carni
445 2018 528 2062 infixus
541 2006 666 2072 tolleretur,
681 2034 756 2078 neque
768 2023 845 2064 tamen
858 2021 957 2067 obtinuit

88 2091 110 2150 (2
123 2094 172 2136 Cor.
188 2089 285 2149 tan-a).
300 2093 345 2141 Quo
357 2090 434 2147 itaque
447 2103 513 2133 sensu
526 2090 637 2141 sententia
650 2089 706 2134 adeo
717 2087 832 2148 generalis
845 2092 872 2136 sit
888 2094 956 2138 intel-

87 2162 189 2219 ligenda,
203 2164 265 2220 patet
277 2169 367 2219 quoque
380 2175 406 2203 ex
418 2175 440 2204 r.
455 2164 508 2204 9-11
524 2163 547 2203 et
559 2160 637 2215 etiam,
652 2163 677 2204 ut
691 2162 729 2205 Br.
744 2164 833 2220 monet,
852 2179 877 2207 eu
889 2169 954 2219 c‚33;
1004 2197 1007 2202 -

87 2233 147 2277 uncle
160 2233 243 2276 dicitur
253 2248 258 2275 z
269 2232 357 2275 ethaeo
372 2234 405 2275 est
414 2231 498 2275 fidncia
509 2245 580 2289 ,quam
593 2231 703 2276 hahemus
717 2232 746 2276 ad
756 2248 818 2288 eum,
833 2236 872 2293 qui
885 2233 956 2294 quod-

87 2318 183 2368 cumque
190 2302 322 2362 petierimus
327 2301 451 2346 secundum
457 2302 597 2345 voluntatem
603 2302 657 2356 eim,
666 2302 776 2347 auditnos
783 2304 803 2362 (1
812 2307 871 2357 loarr.
881 2310 902 2361 5,
908 2308 953 2366 ta).

86 2374 160 2433 Neque
170 2375 231 2417 euim
242 2373 364 2432 accipimus
373 2373 409 2416 vel
420 2373 439 2415 si
449 2387 475 2417 ea
487 2372 586 2432 petimus
596 2388 654 2432 quae
666 2374 732 2418 nobis
745 2376 826 2420 nociva
838 2377 885 2421 iore
898 2382 955 2423 Deus

86 2445 214 2503 praevidet,
229 2445 265 2488 vel
278 2445 296 2487 si
306 2445 376 2502 male,
386 2444 410 2487 in
419 2443 506 2493 malum
515 2445 585 2488 tinem
594 2445 691 2504 petimus
702 2444 752 2505 (lac.
766 2449 821 2506 b,3)‚
838 2449 873 2493 vel
883 2450 902 2493 si
912 2442 956 2510 ipsi

86 2531 162 2560 sumus
174 2516 275 2574 indigni,
293 2518 331 2560 aut
345 2515 408 2559 nulla
418 2519 457 2559 aut
468 2515 588 2560 vacillante
601 2516 685 2560 fiducia
694 2518 792 2577 petimus
805 2518 856 2578 (lac.
872 2523 953 2582 aaa),

14 2646 16 2650 Α
87 2587 121 2629 vel
131 2588 149 2632 si
162 2587 187 2632 id
201 2587 261 2647 quod
270 2601 378 2644 rogamus
392 2589 449 2630 esset
457 2586 622 2646 impediturum
634 2588 706 2632 maius
715 2589 813 2645 bonum;
831 2591 955 2651 aliquando

86 2672 130 2702 non
140 2659 273 2718 accipimus,
285 2657 339 2716 quia
350 2660 407 2701 Deus
418 2659 466 2701 vult
477 2660 503 2702 ut
512 2657 692 2718 saepepetamus
704 2663 726 2704 et
738 2664 763 2704 ut
773 2665 873 2706 nostram
884 2665 955 2709 animi

15 2723 18 2725 “
86 2730 257 2774 submissionem
267 2732 290 2773 et
299 2729 323 2772 in
333 2728 420 2772 orando
429 2730 621 2787 perseverantiam
631 2730 672 2774 sibi
681 2732 803 2789 probemus
813 2732 850 2791 (ci.
862 2736 911 2779 illel
917 2735 953 2796 l.).
965 2724 967 2729 ¹

16 2846 18 2850 f
115 2805 254 2861 Quantopere
267 2800 354 2846 Christo
368 2799 431 2843 cordi
445 2800 473 2844 sit
486 2804 511 2844 ut
526 2802 625 2845 maxima
638 2801 724 2845 fiducia
737 2818 814 2861 preces
825 2809 912 2851 nostras
927 2808 956 2852 ad

86 2872 172 2916 Patrem
183 2865 301 2917 coelestem
311 2871 449 2926 deieramuS,
461 2871 586 2915 ostenditur
597 2875 617 2915 et
626 2872 671 2916 illis
681 2873 743 2932 apud
751 2877 834 2920 Lucani
845 2881 896 2933 il,5
907 2895 954 2940 seq.

14 2963 18 2981 2
86 2943 198 2997 prarabolis
211 2946 233 2986 et
247 2944 354 3003 exemplis
367 2942 608 3001 argumentationeque
622 2943 728 2988 hocloco
742 2961 763 2989 v.
778 2951 790 2989 a
807 2955 848 2991 ciart
860 2951 911 3009 qur's
924 2960 956 2996 est

86 3025 112 3054 ea
119 3014 179 3057 codis
188 3013 253 3057 liorrro
261 3028 328 3071 quiem
338 3014 452 3073 sipetierit
458 3014 622 3074 (iliusponent,
631 3016 744 3075 rarirrrqru'd
751 3017 956 3082 lupidenzporrt'pet

86 3082 119 3126 oi?
129 3099 150 3128 v.
163 3089 189 3130 tc
202 3091 241 3129 ortt
250 3083 269 3127 sz'
275 3083 362 3142 piscem
368 3086 474 3144 petierat,
485 3087 598 3146 ntirrrqacr'd
606 3098 731 3146 serpentem
740 3091 842 3150 porripct
851 3093 890 3137 ei?
900 3094 955 3138 dici-

15 3195 18 3213 2
86 3155 121 3196 tur
131 3155 207 3213 bonae,
219 3170 264 3215 quo
274 3156 347 3212 magis
355 3157 389 3200 vis
398 3159 674 3218 argumentipercipiatur
683 3176 708 3205 ex
717 3162 876 3208 benevolentia
885 3167 955 3210 Patria

15 3220 20 3281 '3
86 3224 192 3272 coelestis.
204 3227 289 3272 Dicitur
300 3229 389 3287 patrem
402 3243 449 3273 non
459 3244 505 3274 esse
516 3234 674 3290 porrecturam
684 3232 794 3292 lapidem,
808 3236 861 3294 quia
871 3252 916 3280 rina
928 3251 954 3280 en
